3936 4974
953 632 977 702 3

439 817 443 828 ’
470 869 552 949 que
570 839 648 925 sibi
660 869 792 951 neque
808 842 1065 924 matrimonii
1076 841 1239 925 muneri
1258 839 1353 924 satis
1373 863 1462 948 pos·

471 999 523 1082 ait
543 999 687 1097 facere,
717 1001 899 1107 quietem
920 1001 1199 1110 potiusquam
1219 1025 1380 1082 novum
1406 996 1464 1078 la·

471 1155 584 1240 boris
602 1187 728 1269 genus
746 1159 915 1241 videtur
930 1153 1134 1266 appetere.
1192 1157 1294 1240 Satis
1313 1153 1467 1265 negotii

474 1316 519 1399 iu
539 1319 628 1426 ipsa
647 1335 853 1402 senectute
877 1315 1072 1417 consistit,
1103 1319 1254 1427 absque
1283 1315 1394 1426 quod
1420 1318 1469 1396 ea

474 1481 731 1586 supervacua
749 1478 938 1562 molestia
955 1480 1204 1588 implicetur.

533 1803 678 1913 Atqui,
698 1805 872 1913 inquam
900 1833 987 1917 ego,
1019 1820 1064 1887 tu
1082 1819 1245 1888 caeteros
1266 1805 1400 1887 forsan
1420 1831 1470 1885 ex

477 1967 551 2047 tua
568 1968 716 2047 natura
735 1964 910 2074 judicas,
940 1965 1011 2072 qui
1037 1993 1200 2074 semper
1227 1966 1367 2047 uxoris
1400 1993 1470 2046 no-

477 2149 575 2240 men
607 2140 805 2232 tanquam
834 2124 1000 2236 Sisyphi
1032 2151 1177 2206 saxum
1210 2123 1472 2220 exhorruisti,

478 2284 638 2366 nescius
657 2285 758 2391 quid
778 2285 822 2366 in
841 2286 956 2367 casir
976 2285 1187 2366 commodi
1212 2301 1253 2367 et
1280 2285 1470 2390 volupta-

480 2444 544 2542 tis,
564 2472 667 2553 quae,
687 2445 721 2528 si
739 2447 805 2528 cui
822 2445 953 2530 dulcis
971 2464 1041 2545 est,
1063 2466 1152 2531 tum
1172 2447 1352 2530 maxime
1368 2446 1472 2528 seni-

481 2605 555 2688 bus
568 2608 838 2715 procuranda.
875 2607 1161 2716 Mihiquidem
1175 2611 1228 2690 ad
1240 2607 1475 2689 huncdi'em

481 2766 598 2850 nulla
616 2768 790 2866 satietas,
816 2769 932 2851 nulla
962 2770 1204 2877 poenitentia
1232 2769 1372 2850 uxoris
1397 2795 1474 2848 eoe-
1528 2807 1532 2820 ·

481 2927 567 3035 pit:
598 2929 702 3036 quin
716 2929 850 3037 potius
862 2929 920 3012 ita
932 2929 974 3010 in
990 2929 1064 3012 illa
1079 2930 1282 3026 consolor,
1293 2933 1350 3012 ita
1361 2929 1476 3012 laetor

482 3089 613 3170 indies
641 3091 781 3197 magis,
817 3105 863 3172 ut
883 3091 954 3195 qui
978 3088 1133 3196 absque
1156 3117 1288 3171 uxore
1315 3089 1475 3184 vivant,

483 3250 645 3359 penitus
665 3249 810 3332 stultos
830 3268 988 3356 putem,
1001 3250 1270 3359 judicemque
1290 3277 1384 3330 eum
1406 3249 1478 3355 qui

482 3409 620 3490 uxoris
657 3409 878 3490 commodo
906 3426 1033 3506 caret,
1069 3409 1252 3492 maximo
1287 3409 1479 3490 omnium

485 3568 593 3649 bono
612 3595 760 3649 carere.

542 3857 648 3972 istuc
668 3888 858 3994 fortassis,
893 3890 1027 3998 inquit
1057 3891 1265 3988 Nicotaus,
1294 3919 1374 3973 usu
1405 3889 1482 3972 tibi

486 4052 615 4144 venit,
645 4050 880 4156 quinactus
904 4081 944 4133 es
978 4054 1276 4136 adolescentem
1311 4053 1483 4159 optimis

487 4198 703 4292 educatam
737 4211 934 4309 moribus,
956 4214 1322 4324 ,tibimorigeram
1359 4231 1486 4318 atque
