3936 4974
1016 639 1070 716 28

553 851 693 935 'vimm
720 848 921 961 juvenem
949 847 1071 930 luerit
1101 863 1280 955 experta,
1309 847 1538 953 recordabi-

428 1097 431 1106 ,
554 1028 622 1097 tur
656 1041 698 1096 se
725 1011 973 1121 quandoque
1002 1011 1052 1093 ab
1083 1037 1143 1114 eo
1164 1027 1344 1119 spretam
1372 1028 1412 1095 et
1444 1041 1538 1094 con·

554 1190 755 1289 temptam
774 1172 907 1268 luisse,
928 1171 1100 1253 alteram
1115 1171 1343 1279 quaesitam,
1362 1201 1404 1254 se
1425 1172 1541 1255 adul·

554 1351 651 1417 terae
669 1328 950 1443 postpositam,
973 1329 1198 1412 lacessitam
1209 1329 1372 1442 jurgio,
1390 1347 1430 1414 et
1447 1359 1539 1413 ver-

533 1494 647 1590 ‚bere
693 1463 917 1600 aliquando
963 1488 1218 1596 appetitam,
1277 1489 1454 1574 Venient
1497 1490 1542 1572 in

551 1673 734 1741 mentem
753 1671 882 1737 vestes
897 1651 1084 1760 persaepe
1108 1667 1178 1734 aut
1199 1651 1448 1734 venundatae
1469 1666 1539 1735 aut

553 1818 795 1899 condonatae
837 1813 988 1922 pellici.
1051 1809 1353 1933 Adolescentia
1395 1811 1542 1896 levitas

483 2001 485 2005 ·
553 1994 773 2095 succurret,
791 1974 1005 2058 difficultas
1021 2000 1197 2071 morum,
1214 1973 1445 2055 inconstans
1456 1997 1541 2054 ma·

551 2111 741 2222 trimonii
767 2133 880 2233 fides,
926 2151 973 2217 ut
1003 2139 1097 2217 edm
1134 2135 1186 2218 ad
1222 2161 1361 2216 senem
1397 2149 1542 2242 perve-

469 2341 481 2368 -1
556 2300 663 2384 uerit
691 2297 763 2412 uhi
785 2297 930 2390 omnia
957 2311 1124 2394 cessant,
1164 2296 1208 2379 in
1237 2312 1542 2405 portum-tran-

555 2459 735 2568 quillum
773 2486 823 2540 ex
862 2456 1088 2565 procelloso
1108 2439 1234 2566 ¹mari
1267 2486 1308 2541 se
1338 2458 1543 2542 existimet

554 2619 800 2728 pervenisse.
859 2619 1040 2701 Maturos
1072 2646 1236 2727 quoque
1265 2646 1392 2700 annos
1420 2645 1543 2700 senex

557 2809 640 2862 non
660 2779 961 2876 reformidabit3
983 2794 1024 2862 et
1044 2780 1195 2887 absque
1215 2779 1439 2862 liberorum
1458 2807 1542 2886 spe,

556 2962 726 3049 propter
749 2940 880 3048 ipsam
899 2954 1056 3023 naturae
1083 2940 1330 3038 societatem,
1359 2969 1541 3024 commu·

472 3191 475 3200 ⁴
555 3101 699 3207 nisque
713 3099 811 3182 vitae
830 3097 1078 3209 adjumenta,
1100 3115 1264 3207 appetet
1283 3100 1435 3184 vetulae
1447 3130 1542 3183 con-

545 3260 831 3373 junctionem
861 3274 906 3342 ut
936 3259 1115 3340 duorum
1143 3259 1405 3344 imbecillitas
1434 3289 1542 3343 com·
1572 3223 1579 3233 ⁸

478 3413 481 3417 ’
559 3423 752 3504 munibus
781 3421 938 3504 viribus
968 3421 1146 3505 validior
1173 3420 1265 3508 liat:
1315 3451 1412 3506 nam
1440 3423 1543 3506 sicut

544 3586 669 3693 *quod
697 3584 998 3667 robustissimus
1026 3614 1133 3694 saepe
1151 3586 1220 3669 vir
1236 3587 1392 3694 nequit,
1421 3585 1543 3667 unius

481 3843 486 3852 ¹
558 3741 705 3854 debilis
734 3741 958 3858 accessione
982 3740 1213 3858 conficitur,
1245 3745 1301 3828 ita
1330 3745 1453 3852 quod·
1470 3742 1542 3826 ali·

556 3904 647 4013 quis
677 3903 943 4012 impotentior
969 3903 1080 3986 solus
1107 3933 1191 3987 non
1219 3920 1350 4013 potest
1373 3903 1542 4012 assequi,

560 4063 726 4147 alterius
765 4063 860 4144 licet
898 4064 1122 4172 parvulum
1153 4065 1355 4147 auxilium
1392 4063 1542 4146 submi·

511 4213 514 4219 ¹
561 4227 728 4326 nistrat3
761 4243 801 4310 et
829 4226 1054 4310 sicut-cum
1085 4255 1231 4311 manus
1260 4228 1381 4311 unica
1401 4254 1545 4309 manca
