3936 4974
914 632 1023 705 17..

443 818 624 950 obsequi,
667 829 1011 942 vereri'atatem,
1038 857 1212 955 sapere,
1249 848 1351 956 quid
1380 848 1431 933 sit

443 1004 570 1104 laudi,
599 1007 701 1114 quid
726 1007 831 1090 vitio
860 1009 1046 1094 dandum
1075 1011 1360 1109 internoscere,
1390 1023 1432 1094 et

443 1141 724 1253 admonitione
745 1143 940 1252 continui
959 1185 998 1252 et
1017 1171 1190 1254 vivendi
1208 1159 1299 1255 usu.
1358 1159 1438 1254 Rei

441 1355 542 1411 uero
586 1329 770 1447 uxoriae,
800 1330 879 1413 nisi
924 1305 1186 1438 superiorum
1228 1359 1432 1415 annorum
1502 1429 1504 1434 χ

442 1486 566 1595 culpa
593 1486 773 1585 obsistat,
804 1457 965 1610 tantum
985 1490 1257 1597 impartietur,
1291 1458 1432 1594 (etiam

440 1675 568 1732 uxore
584 1647 641 1746 id,
657 1639 693 1730 'si
710 1647 861 1756 pudica
879 1650 1015 1747 luerit,
1036 1649 1285 1758 postulante)
1303 1678 1430 1759 qua-n-

441 1824 538 1892 turn
560 1808 709 1891 rationi
734 1824 773 1891 et
795 1810 1056 1916 procreandis
1086 1810 1224 1894 liberis
1253 1808 1431 1895 satisfiat.

443 1970 642 2054 videmus
671 1949 819 2078 pueios
849 1969 893 2051 in
922 1971 1119 2082 religiosis
1142 1972 1240 2054 iocis
1260 1973 1431 2070 abditos,

443 2131 612 2240 dempti
640 2132 816 2214 exeundi
846 2133 1129 2244 evagandique
1158 2133 1361 2230 facultate,
1390 2149 1432 2216 et

443 2255 701 2376 voluntatem
720 2291 896 2401 quoque,
927 2321 1001 2402 per
1020 2295 1345 2391 desuetudinem,
1368 2292 1430 2374 lu·

441 2431 569 2541 dendi
603 2456 887 2568 evagandique
931 2455 1115 2566 abjicere,
1158 2472 1199 2539 et
1243 2473 1429 2539 externo·

443 2645 538 2700 ium
566 2643 656 2726 quae
683 2645 768 2698 non
795 2616 940 2699 vident
969 2615 1087 2698 nulli
1120 2614 1281 2698 moveri
1315 2613 1450 2724 cupi·'
1487 2635 1489 2642 “
1526 2613 1543 2698 ζ’
1589 2683 1590 2690 Ν

443 2782 584 2865 ditate.
651 2781 763 2864 Licet
802 2797 895 2864 aetas
935 2809 981 2862 ac
1019 2795 1166 2862 natura
1204 2805 1431 2888 repugnare

425 2942 646 3038 videatur,
687 2957 825 3025 tamen
858 2938 1023 3048 prodest
1061 2964 1156 3020 usus
1190 2938 1430 3020 contrarius.

441 3101 575 3188 Simili
604 3100 728 3182 modo
757 3114 796 3180 et
826 3099 878 3180 de
905 3097 1134 3210 virginibus
1168 3097 1429 3204 conspicitur,

390 3263 392 3266 ’
440 3291 540 3372 quas
577 3259 749 3342 seclusas
788 3256 838 3339 ab
877 3255 1096 3338 hominum
1124 3254 1430 3363 mulierumque

439 3399 666 3537 conigressu,
695 3421 729 3502 si
756 3421 869 3503 bene
890 3419 1168 3515 instituantur,
1199 3417 1314 3501 nulla
1332 3445 1429 3500 cura

441 3581 641 3695 ejusmodi
670 3594 822 3660 movet.
877 3548 990 3692 Quid
1020 3577 1145 3686 igitur
1171 3577 1325 3657 mirum
1356 3593 1427 3674 est,

441 3761 589 3852 nuptas
627 3739 789 3823 senibus
818 3737 1010 3848 virgines,
1046 3736 1231 3818 virorum
1261 3736 1427 3818 monitis

442 3925 481 3988 et
518 3902 696 3986 consiliis
735 3901 924 3996 imbutas,
974 3898 1124 3980 multas
1161 3896 1427 4004 voluptatum

441 4064 667 4150 illecebras..
680 4091 779 4170 quas
808 4089 894 4143 non
920 4075 1085 4155 nomnt,
1114 4059 1334 4166 aspernari,
1355 4058 1432 4166 ob·¹

429 4243 712 4336 ,temperantes
741 4223 945 4308 desiderio
979 4216 1161 4315 senioris,
1198 4234 1240 4302 et
1269 4218 1311 4302 id
1343 4245 1425 4300 rec·
