3936 4974
979 540 1034 618 26

513 766 698 844 ⁴senectus
726 779 778 834 ex
802 747 989 863 conjugio
1009 749 1200 861 junioris.
1256 751 1364 833 Nam
1394 724 1505 858 quod

514 896 629 996 senae
658 929 855 1023 tanquam
883 887 1113 996 imbecilles
1132 912 1176 994 in
1195 885 1391 994 venerem
1418 900 1511 994 'cu1--
1535 889 1537 892 ¹
1662 1019 1665 1024 1

518 1074 638 1182 pasti,
678 1074 721 1156 id
749 1074 921 1180 quidem
959 1069 1121 1164 summa
1149 1089 1206 1155 est
1237 1072 1350 1155 illius
1378 1049 1511 1156 aetati‘s

515 1235 604 1351 laus
646 1252 685 1319 et
724 1236 932 1345 praecipua
958 1235 1104 1319 virtus.
1168 1236 1350 1320 Tantum
1393 1222 1507 1320 enini

515 1396 723 1506 voluptati
753 1397 957 1507 impartiri
987 1388 1196 1496 debemus,
1226 1399 1259 1481 si
1278 1399 1404 1480 modo
1432 1367 1548 1480 ho?

515 1555 651 1638 mines
686 1557 821 1640 nimus
858 1584 941 1639 non
960 1546 1130 1654 'belum'
1164 1573 1367 1665 quantum
1412 1534 1509 1639 satis

516 1716 658 1799 estad
687 1719 982 1825 procreandam
1020 1718 1193 1826 prolem,
1240 1705 1353 1828 cujus
1391 1721 1509 1798 causa
1545 1697 1554 1732 ⁷

517 1876 644 1959 etiam
662 1877 783 1961 bruta
811 1879 966 1962 coitum
990 1867 1203 1987 appetunt.
1258 1878 1387 1992 Quod
1399 1876 1510 1961 ultra

518 2037 729 2144 appetitur
753 2029 882 2150 magis
912 2032 1136 2123 bestiarum
1164 2029 1267 2148 opus
1295 2055 1354 2121 est
1383 2043 1510 2147 quam

519 2193 746 2306 hominum.
769 2197 975 2279 utentium
1004 2191 1175 2280 ratione.
1238 2199 1421 2306 AEquum
1450 2213 1511 2281 est

518 2373 682 2440 tantum
725 2357 768 2440 in
812 2359 1028 2468 voluptate
1070 2357 1263 2468 progredi
1307 2372 1511 2465 quantum
1598 2375 1599 2380 '

517 2519 625 2606 ,ratio
657 2519 917 2602 matrimonii
952 2535 1106 2629 poscat.
1165 2517 1389 2601 Luxuriam
1428 2545 1513 2600 non
1546 2521 1548 2526 ’

520 2680 656 2764 solum
675 2683 719 2763 in
740 2683 917 2779 senibus,
946 2684 1017 2764 sed
1046 2697 1086 2764 et
1120 2681 1163 2763 in
1188 2655 1512 2763 adolescentibuo
1551 2797 1553 2802 .

520 2855 686 2950 turpem
717 2872 763 2927 ac
778 2806 982 2926 ‘vitiosam
1012 2871 1097 2926 esse
1123 2829 1326 2951 sapientes
1350 2840 1512 2923 volunt.
1569 2812 1573 2820 Ι

432 3116 434 3125 Ι
519 3002 633 3086 Senis
662 3004 788 3116 igitur
815 3005 859 3085 in
888 3004 968 3086 hoc
995 3003 1224 3088 moderatio
1243 2981 1430 3085 manime¹
1454 3017 1512 3084 est

431 3127 433 3132 Ι
515 3148 876 3250 commendatione
919 3157 1056 3278 digna.
1082 3154 1085 3162 ’
1115 3166 1266 3279 Ωμιιηιἱ
1297 3164 1513 3262 rationem,

519 3325 772 3434 praeeipuam
792 3325 890 3410 vitae
908 3326 1057 3409 ducem
1077 3327 1270 3434 sequeris,
1291 3324 1517 3407 necessaria

520 3503 645 3593 atque
671 3485 909 3596 utilia'quae
938 3503 1047 3584 sunt,
1077 3468 1283 3595 sequeris.¹
1325 3483 1514 3599 Quodsi

519 3646 660 3731 uxoris
688 3647 870 3756 aliquem
899 3631 1255 3731 vehementiorem
1284 3621 1517 3754 appetitum

520 3807 699 3906 noverit,
737 3809 842 3893 sicut
871 3808 915 3890 in
943 3805 1117 3892 infirmis
1143 3807 1392 3916 quandoque
1420 3832 1515 3886 con·
1582 3799 1583 3804 ‘

522 3970 656 4082 tingit,
686 3970 771 4079 qui,
792 3970 938 4053 morbo
957 3971 1276 4083 ingravescente,
1302 3967 1437 4051 multa
1455 3967 1517 4048 in·

521 4131 655 4228 utilia,
680 4130 783 4215 ‘licet
798 4151 919 4243 gustu
942 4131 1099 4233 suavia3
1131 4111 1345 4246 appetunt,
1375 4129 1514 4211 mode·
