3910 4974
539 797 733 884 muliebri
750 798 973 882 involutus.
1030 797 1154 882 Adde
1179 781 1299 909 qudd
1325 800 1447 885 liberi
1479 804 1529 886 eo
1661 795 1664 810 ²
1724 759 1727 770 ¹

540 982 726 1070 tempore
759 959 921 1043 senibus
953 960 1243 1069 suscipiuntur,
1272 978 1319 1052 ut
1347 976 1416 1045 eos
1442 965 1527 1047 vir.
1642 973 1644 976 ¹
1686 1001 1690 1010 .
1755 983 1758 988 ·

539 1113 695 1205 tutibus
714 1121 911 1218 imbuere,
938 1115 1011 1204 aut
1039 1137 1199 1206 certum
1219 1113 1430 1231 quoddam
1460 1152 1528 1206 ex*-

540 1282 673 1366 ercitii
687 1309 813 1392 genus
828 1281 1002 1378 tradere,
1031 1299 1264 1390 nequeant;
1297 1283 1397 1368 autb
1419 1311 1529 1366 mor-

541 1463 582 1527 te
597 1442 797 1552 praeventi
813 1446 940 1549 quam
954 1441 1075 1525 instet
1090 1457 1252 1550 ternpus
1272 1443 1421 1526 rationi
1432 1471 1529 1552 per·
1595 1465 1599 1472 '

539 1601 739 1711 cipiendae
763 1601 1129 1684 accommodatum.
1185 1603 1391 1685 Tutorum
1417 1604 1546 1705 certe
1594 1713 1596 1716 Ι

540 1790 646 1846 curae
662 1761 981 1846 commendandi
999 1777 1107 1858 sunt,
1136 1761 1208 1869 qui
1238 1762 1382 1871 saepibs
1404 1766 1530 1871 quaes

540 1937 633 2014 tum
671 1925 796 2029 quam
831 1935 1051 2028 parentum
1095 1918 1426 2006 benevolentiam
1454 1927 1531 2006 se-

541 2097 738 2188 quuntur.
796 2082 890 2194 Quo
909 2095 1028 2187 pacto
1046 2079 1300 2186 nequedum
1315 2079 1425 2162 vivis
1445 2079 1534 2164 ulla

541 2241 675 2328 solida
693 2270 742 2328 ex
760 2237 870 2334 filiis,
899 2239 1236 2348 quandoquidem
1255 2241 1445 2324 nondum'
1460 2268 1531 2325 no

543 2402 598 2486 ris
634 2401 775 2509 quales
810 2401 974 2486 evasuri
1009 2401 1103 2499 siut,
1131 2400 1367 2510 percipitur
1393 2428 1532 2484 conso-
1671 2474 1674 2479 .

542 2557 667 2657 lati03
699 2585 833 2665 neque
852 2557 897 2643 iu
922 2575 1056 2644 morte
1074 2587 1164 2667 spes
1188 2559 1311 2645 datur
1342 2576 1453 2644 certa
1471 2560 1533 2642 fu·

546 2737 761 2814 tutorum„
773 2722 854 2824 qui
873 2717 1085 2804 morientis
1105 2717 1267 2804 animus
1293 2719 1534 2828 acquiescat.

420 2951 423 2958 Δ
545 2877 635 2966 Scio
654 2875 855 2994 inmultis
867 2875 952 2964 haec
970 2877 1091 2964 aliter
1104 2907 1222 2986 posse
1236 2880 1406 2965 cadere:
1436 2901 1536 2966 nam

546 3054 586 3126 te
603 3037 771 3127 beatum
789 3039 960 3144 quidem
977 3057 1128 3149 reputo
1142 3041 1180 3124 si¹
1205 3054 1310 3125 vera
1322 3057 1418 3126 sunt
1444 3069 1536 3150 q-uae
1644 3069 1645 3072 ‘

544 3200 595 3281 de
614 3227 744 3285 uxore
763 3198 952 3296 retulisti,
982 3228 1137 3287 vacuus
1156 3200 1220 3284 his
1238 3201 1430 3316 oneribus
1446 3229 1536 3308 quae
1660 3179 1663 3186 ⁸

544 3359 748 3469 plurimos
774 3358 963 3443 homines
982 3364 1244 3468 pessundant.
1301 3362 1379 3444 Sed
1398 3377 1538 3444 tamen

395 3520 400 3528 ’
545 3519 674 3608 tutius
691 3519 911 3606 consilium.
929 3520 1121 3630 ambiguo
1139 3533 1303 3630 semper
1320 3519 1535 3630 preferen-

548 3681 649 3769 dum
669 3679 824 3768 dicunt.

603 4003 682 4086 Hic
717 4030 813 4086 curn
845 4003 1018 4111 pauium
1056 4005 1189 4087 ridere
1217 4004 1455 4112 coepissem,
1485 4006 1538 4086 ad

546 4163 803 4274 purgandam
824 4162 984 4248 Nicolai
1014 4165 1316 4248 accusationem
1345 4166 1539 4263 intentus,
