3936 4974
952 505 954 509 ’
1032 559 1082 634 12

555 775 744 880 imperas.
801 769 924 853 Liber
952 766 1063 850 enim
1094 796 1138 851 es
1160 766 1316 855 avitiis
1345 794 1436 876 quae
1463 785 1540 855 un*

554 933 679 1040 dique
699 932 894 1039 innuptos
912 927 1221 1013 circumfluunt:
1253 929 1432 1037 imperas
1451 955 1542 1011 mu*-
1555 969 1575 1002 z.

554 1094 660 1192 lieri,
690 1121 780 1202 quae
798 1093 874 1176 tibi
892 1110 1036 1200 parere
1061 1119 1106 1175 ac
1134 1091 1288 1180 seruire
1306 1094 1385 1174 sua
1397 1103 1547 1199 sponte

557 1253 767 1337 condiscit.
827 1229 1128 1342 Maxime-verit
1155 1249 1334 1347 senibus.
1358 1251 1472 1358 quod
1497 1266 1548 1334 tu

555 1418 681 1528 paulo
694 1433 787 1502 ante
798 1415 935 1498 verbis
954 1413 1212 1512 abhorrebas,
1231 1415 1546 1500 matrimonium

558 1609 642 1663 esse
670 1575 940 1662 utilissimum·
957 1574 1115 1684 judico,
1159 1576 1252 1658 edm
1284 1604 1333 1659 eo
1360 1590 1558 1685 tempores
1590 1665 1592 1668 ,

560 1767 732 1824 uxorem
750 1751 947 1847 qu'aerant,
975 1761 1057 1842 quo
1077 1725 1267 1834 lisciviis,
1292 1737 1470 1836 ,inscitia
1492 1739 1551 1821 lo·

561 1902 703 1998 vitate,
747 1897 908 1981 incuria
937 1869 1069 1978 vacua
1099 1910 1206 1994 aetas,
1253 1897 1373 1981 rebus
1410 1914 1550 1982 autem
1582 1929 1584 1936 ⁴

494 2118 497 2123 -
561 2061 726 2173 agendis
780 2074 820 2142 et
873 2055 1044 2144 consilio
1089 2072 1198 2166 apta,
1249 2058 1457 2168 optimum
1504 2089 1555 2144 ac·

561 2227 816 2337 praecipuum
851 2205 1038 2306 fructum
1068 2251 1121 2310 ¹er
1167 2249 1214 2307 re
1253 2224 1404 2307 uxoria
1435 2240 1550 2333 pote·

561 2393 614 2476 rit
663 2388 886 2498 percipere.
960 2388 1043 2469 Hic
1063 2465 1068 2473 ,
1089 2385 1202 2469 solus
1244 2387 1363 2470 novit
1387 2414 1559 2496 quave.

563 2550 795 2670 appetenda
822 2547 974 2630 suerint
1003 2572 1146 2654 quaeve
1174 2546 1391 2657 fugienda:
1434 2546 1553 2630 insci·

564 2713 666 2797 tiam
694 2708 861 2793 alterius
889 2734 962 2789 suo
979 2717 1088 2817 reget
1116 2705 1314 2794 consilio:
1347 2708 1561 2817 appetitus:

568 2867 790 2980 prudentia
810 2864 1101 2949 moderabitur.
1159 2864 1384 2949 Labentem
1408 2867 1560 2950 resino

569 3031 646 3130 bit,
663 3046 705 3114 et
722 3030 870 3114 rudem
886 3027 1019 3110 vitam
1037 3026 1081 3108 in
1096 3032 1191 3110 suos
1207 3052 1340 3109 mores
1358 3027 1557 3111 traducet.

627 3355 706 3437 Hic
732 3377 830 3468 cum
861 3350 998 3432 ridere
1029 3347 1228 3456 coepisset
1265 3347 1471 3447 Nicolaus,
1502 3364 1563 3434 at·÷

572 3514 658 3624 qui,
685 3512 835 3620 inquit,
864 3526 912 3594 tu
939 3537 1052 3621 senes
1084 3536 1227 3592 omnes
1262 3510 1406 3594 laudas
1416 3542 1447 3618 33
1472 3527 1561 3595 tan·

573 3701 700 3784 quam
728 3699 813 3782 non
847 3638 986 3753 multi
1006 3669 1146 3779 pueris
1180 3670 1402 3753 deteriores
1439 3686 1569 3780 atque

574 3829 920 3940 imprudentiores
948 3827 1425 3937 reperiantur—Omnis
1448 3845 1565 3922 aetaa.

577 3993 714 4101 inquit
757 3990 941 4089 Carolus,
974 4006 1061 4074 tam
1106 3991 1193 4074 seni
1237 4020 1370 4101 quam
1401 3989 1566 4102 juveni,

579 4154 613 4238 si
638 4152 765 4238 stulta
790 4151 927 4249 fuerit,
954 4152 1127 4237 molesta
1145 4169 1217 4236 est.
1275 4153 1355 4250 Sed
1382 4180 1454 4236 nos
1482 4176 1571 4236 non
