3936 4974
925 579 980 664 25«

455 794 668 920 clarissimi
703 793 833 878 habiti
874 811 987 878 sunt:
1033 819 1210 903 quorum
1247 792 1442 880 Carolum

454 955 533 1064 ipsi
561 957 746 1041 vidimus
780 951 994 1041 literarum
1032 921 1178 1043 studiis
1216 955 1443 1055 florentem,

449 1112 630 1224 bellique
643 1118 791 1202 ducem
809 1111 1189 1227 praestantissimu'm
1204 1119 1330 1200 aetatis
1350 1147 1439 1202 nos·
1488 1217 1490 1222 Ι

394 1375 397 1380 ¹
447 1283 531 1360 t'rae.
593 1280 679 1361 Hos
708 1277 804 1364 cum
836 1297 983 1364 natura
1014 1269 1065 1364 ad
1097 1279 1297 1362 virtutem
1326 1280 1438 1362 edita

447 1437 619 1550 adjuvit,
641 1457 730 1525 tum
747 1437 917 1550 patema
932 1409 1148 1538 iustitutio‚
1169 1441 1300 1522 virtus
1317 1455 1440 1547 atque

449 1596 682 1699 auctoritaa'
710 1580 1113 1710 peromnen'vitam
1133 1617 1227 1682 ante
1255 1600 1440 1709 ipsorum

445 1756 584 1839 oculos
612 1756 839 1843 observata.
897 1749 1079 1842 Multrim
1108 1759 1280 1867 quidem
1298 1757 1438 1840 valere

444 1932 484 1996 et
502 1943 700 2028 magnum
722 1921 883 2026 pondus
913 1919 1065 2009 habere
1095 1920 1284 2017 arbitror,
1314 1919 1358 2001 in
1388 1921 1435 2002 ii·

446 2071 552 2158 beris
570 2067 805 2174 concamio,
820 2080 1001 2186 parentis
1020 2079 1440 2177 senis‚auctoritatem

442 2263 489 2318 ae
521 2238 730 2344 sapientire
763 2239 932 2348 plenam
960 2239 1300 2342 cohortationem,
1346 2269 1437 2348 quae

444 2397 518 2482 etii
540 2398 764 2508 juvenibus
793 2401 971 2512 vigeant,
1002 2400 1139 2486 minus
1168 2416 1308 2482 tamen
1333 2381 1435 2508 pon·

446 2560 555 2643 deris
591 2561 742 2644 habere
769 2563 978 2658 videntur,
1017 2589 1114 2644 cum
1141 2559 1192 2645 ab
1221 2560 1292 2644 illa
1319 2575 1453 2659 aetate,

447 2718 580 2803 aliena
626 2719 934 2829 quodammodb
976 2722 1169 2803 credatur
1209 2747 1294 2802 esse
1338 2747 1435 2830 pru·

443 2878 594 2961 dentia.
652 2881 935 2967 Maturitatem
963 2881 1008 2963 in
1037 2879 1213 2976 senibus,
1255 2880 1434 2990 gravita·
1489 2927 1493 2935 .

433 3001 540 3137 tem,
570 3039 802 3138 consilium,
836 3067 976 3122 rerum
1012 3038 1312 3148 experientiam
1347 3067 1432 3121 esse

403 3218 405 3225 ·
442 3199 701 3282 arbitramur.
758 3201 816 3283 Ea
835 3226 898 3282 res
917 3200 1203 3285 auctoritatem
1221 3200 1432 3305 quandam

440 3341 560 3466 parit,
576 3377 622 3443 ut
641 3360 685 3442 hi
704 3361 799 3469 plus
816 3361 970 3444 ceteris
989 3360 1212 3470 providere
1231 3375 1272 3441 et
1288 3387 1433 3468 sapere

436 3520 734 3608 existimentur.
801 3522 848 3606 ld
865 3521 1048 3606 multum
1066 3518 1227 3630 proficit
1248 3522 1429 3604 ad‘eoer·

438 3679 613 3762 cendam
641 3696 802 3790 aetatem
822 3678 1023 3763 lubricam
1043 3675 1239 3776 filiorum,
1269 3679 1340 3786 qui
1360 3707 1430 3786 pa·

440 3857 604 3942 rentum
630 3839 802 3952 vestigia
830 3838 996 3931 imitati,
1007 3926 1012 3931 Ν,
1027 3865 1069 3918 se
1098 3837 1149 3919 ad
1178 3863 1321 3956 eorum
1341 3840 1431 3944 qui·

439 4000 611 4081 buscum
647 4001 798 4084 vivunt
837 4025 970 4080 mores
1013 4013 1052 4079 et
1095 3995 1228 4078 vitam
1264 4023 1429 4103 compo7
1466 4113 1467 4116 p

438 4180 555 4258 nunt,
603 4162 807 4259 mandatis
835 4149 1151 4278 obtemperanb‘
1181 4171 1331 4264 nutum
1350 4123 1430 4237 bb·
1495 4206 1498 4211 -
1534 4259 1535 4264 Ν
