3936 4974
1013 575 1041 653 2

529 782 720 879 insanire,
748 798 792 864 ut
815 783 997 866 elleboro
1015 809 1119 890 opus
1139 800 1241 866 esset
1266 783 1317 865 ad
1342 810 1518 894 purgan-

529 943 600 1025 das
621 948 735 1026 tante
753 944 920 1058 vesaniis
943 941 1165 1025 hominum
1188 960 1358 1027 mentes
1420 947 1521 1056 Quae

530 1106 642 1187 enim
657 1105 831 1188 stultitia
842 1122 921 1202 est,
940 1107 1032 1187 cum
1048 1106 1239 1214 usquead
1250 1106 1411 1188 senium
1420 1093 1524 1188 uxo·

529 1293 619 1348 rem
637 1264 1067 1374 contempseris,'liber
1085 1295 1130 1348 ac
1150 1265 1210 1348 tui
1231 1264 1338 1374 juris
1361 1266 1520 1364 vivens,

531 1420 806 1536 postmodum·
825 1445 864 1510 te
894 1425 1092 1536 subjicere
1122 1426 1368 1510 voluntariae
1394 1427 1520 1508 servi·

529 1589 622 1686 tuti,
643 1592 688 1671 ac
707 1617 911 1693 novarum
930 1588 1213 1672 molestiarum
1232 1616 1396 1671 causam
1415 1616 1520 1695 quae·

532 1775 635 1845 rere,
675 1777 789 1856 quas
814 1777 945 1856 neque
992 1749 1209 1832 commode
1246 1751 1350 1858 ferre
1386 1777 1522 1858 quem,

532 1933 667 2014 neque
702 1908 794 1988 ullo
834 1927 954 2016 pacto
984 1908 1162 2018 rejicere.
1216 1974 1219 1982 .
1255 1910 1383 1990 Hunc¹
1414 1908 1523 1991 certe

532 2066 727 2151 Carnium
745 2069 882 2166 laudo,
901 2097 1026 2177 quem
1040 2085 1079 2152 et
1095 2097 1168 2151 suo
1184 2084 1223 2153 et
1240 2071 1290 2153 ab
1305 2059 1526 2157 Aristotele

536 2229 579 2312 in
598 2230 680 2312 suis
706 2230 885 2314 Politicis
915 2228 1115 2340 praefinito
1144 2246 1342 2338 ternpore,
1367 2257 1526 2314 novum

534 2389 734 2473 maritum
753 2390 948 2474 vidimus.
1006 2391 1084 2473 Istc
1103 2406 1254 2488 autem,
1287 2392 1370 2494 (mc
1395 2389 1525 2501 desig·

534 2556 652 2659 nans)
671 2553 831 2658 duram,
851 2570 897 2635 ut
914 2553 1092 2648 videtur,
1113 2552 1370 2661 provinciam
1386 2580 1524 2661 sump-

537 2710 602 2808 sit,
632 2712 704 2818 qui
722 2728 819 2796 tunc
839 2741 993 2796 novam
1015 2729 1144 2795 artem
1164 2712 1270 2809 iniit,
1300 2714 1393 2814 crim
1421 2713 1525 2796 desi·

537 2900 635 2954 nere
658 2890 866 2981 oporteret
934 2874 1031 2955 Hacc
1057 2900 1139 2954 una
1168 2872 1338 2980 quidem
1363 2900 1424 2955 res
1454 2889 1526 2971 est,

459 3107 464 3114 .
536 3059 626 3140 quae
645 3032 825 3115 maxime
845 3033 1161 3116 adolescentiam
1181 3033 1333 3130 deceat,
1350 3032 1527 3115 ‘senibus

538 3193 745 3301 praecipue
765 3189 970 3304 fugienda.
1026 3193 1212 3276 Laudent
1231 3192 1301 3276 alii
1321 3201 1408 3276 rem
1427 3221 1527 3276 uxo·

539 3355 646 3456 riam
665 3360 867 3462 quantum
889 3353 1011 3439 libet:
1042 3345 1135 3436 mea
1164 3353 1335 3461 quidem
1367 3383 1530 3465 semper

504 3493 506 3498 ⁵
540 3514 618 3596 suit
646 3513 802 3621 opinio,
831 3541 921 3595 eam
951 3540 1039 3594 rem
1069 3529 1158 3595 tum
1190 3514 1381 3601 omnibus
1413 3517 1530 3601 annis

538 3701 722 3784 gravem,
752 3689 843 3780 tum
865 3672 964 3755 vero
984 3673 1182 3760 senectuti
1202 3675 1417 3776 adversam
1436 3676 1528 3792 plu·

539 3834 692 3915 rimrlm
711 3863 794 3917 esse
813 3863 823 3933 ;
856 3863 993 3943 quam,
1013 3837 1104 3917 clun
1119 3834 1373 3920 sublevanda
1390 3836 1531 3945 aliquo

540 3995 864 4102 pracsidioesset,
881 3999 1063 4105 pondere
1077 3998 1216 4081 uxoris
1233 3999 1529 4107 opprimistul·

543 4153 747 4238 tissimum
767 4156 946 4270 videtur.
1002 4159 1112 4242 Nam
1130 4187 1178 4242 ea
1199 4175 1306 4258 aetas,
1339 4160 1432 4242 clim
1460 4189 1528 4244 ne·
