3936 4974
986 553 1037 626 24

517 781 709 867 servante
749 792 833 847 non
869 763 1171 848 obscenitatem
1196 762 1391 872 aliquam,
1413 767 1511 845 'non

520 924 836 1032 turpitudinem,
888 951 972 1006 non
1019 923 1192 1008 insulsos
1236 923 1352 1035 jocos
1397 922 1512 1006 domi

521 1085 773 1185 condiscunt,
803 1089 883 1176 sed,
904 1086 1173 1186 honestatem,
1204 1085 1514 1184 continentiam,

524 1243 781 1368 modestiam,
825 1246 1085 1358 gravitatem,
1134 1247 1282 1358 quibus
1314 1244 1434 1328 rebus
1463 1244 1515 1328 ab

524 1392 692 1490 ineunte
721 1423 836 1490 aetate
866 1406 1029 1506 imbuti,
1064 1379 1138 1492 etsi
1167 1415 1387 1516 parentum
1415 1433 1516 1515 prae-

526 1567 631 1651 sidio
669 1567 958 1663 destituantur,
988 1559 1137 1648 'tamen
1165 1565 1371 1675 prioribus
1401 1563 1518 1647 annis
1561 1676 1562 1680 Ν

526 1741 763 1834 perceptam
792 1723 1054 1833 disciplinam
1088 1751 1356 1834 peromnem
1385 1723 1519 1808 vitam
1589 1811 1590 1814 p

527 1899 781 1967 conservant.
849 1884 939 1964 Hoc
974 1901 1094 1991 pacto
1122 1881 1204 1964 viri
1232 1883 1378 1990 saepius
1404 1879 1518 1991 'praess
1587 1943 1591 1948 -

530 2047 630 2130 clari
647 2047 831 2130 evadunt
844 2061 883 2127 et
901 2047 1053 2128 caeteris
1073 2046 1384 2153 praestantiores.
1442 2049 1520 2128 lta·
1571 2115 1578 2122 .
1645 2097 1649 2103 -

531 2233 612 2315 que
651 2205 787 2287 dicam
825 2203 976 2286 iterum
1015 2205 1127 2311 quod
1155 2204 1300 2288 sentio.
1359 2205 1524 2288 Seclusd

533 2364 693 2473 privata
722 2361 914 2458 utilitate,
956 2361 1113 2472 publici
1143 2364 1352 2447 commodi
1380 2365 1526 2475 gratil,

533 2521 695 2606 senibus
724 2547 909 2619 uxorem,
943 2535 983 2602 et
1012 2521 1183 2628 quidem
1222 2523 1523 2612 adolescentem

534 2683 685 2773 habere
710 2683 896 2792 expedit:
927 2684 1120 2782 conducit
1141 2685 1261 2774 enim
1290 2686 1526 2795 reipublicae

534 2844 715 2930 maxime
732 2842 845 2924 viros
862 2869 1019 2953 graves,
1039 2843 1274 2949 prudentes,
1300 2842 1427 2927 bonos
1443 2872 1528 2927 esse

472 2975 481 2981 l
538 3004 583 3102 in
618 3003 799 3100 civitate,
844 3003 916 3110 qui
956 3007 1027 3086 sud
1060 3004 1258 3110 sapientia
1286 3023 1527 3090 caeterorum

536 3162 755 3247 stultitiam
784 3125 1051 3254 substentent.
1122 3161 1246 3244 Adde
1275 3163 1387 3271 quaa
1415 3191 1526 3274 mag·
1556 3252 1559 3262 ,

539 3349 641 3405 num
670 3338 729 3404 est
761 3321 859 3406 vitae
888 3339 1035 3406 nostrae
1064 3322 1349 3433 adjumentum
1377 3325 1529 3410 habere

540 3485 607 3567 cui
631 3484 764 3566 vitam
793 3500 906 3565 tuam
936 3486 1114 3582 credere,
1146 3513 1251 3570 cum.
1270 3493 1350 3594 qud
1378 3487 1527 3598 cogita·

418 3705 419 3708 κ
541 3647 671 3728 tiones
691 3645 1008 3743 communicare,
1034 3613 1205 3729 consilia
1218 3647 1413 3762 conferre,
1432 3675 1528 3758 gau-

542 3808 660 3889 dium
698 3805 917 3912 impartiri,
962 3808 1226 3918 ,aegritudines
1270 3808 1399 3891 lenire
1438 3834 1529 3915 pos-

429 3981 432 3992 “
544 3967 610 4065 sis,
644 3993 768 4074 quem
808 3983 848 4046 te
886 3966 1076 4064 alterum,
1122 3968 1235 4075 quod
1274 3968 1318 4050 in
1356 3969 1532 4077 perlectd

546 4143 605 4210 est
645 4125 836 4221 amicitia,
874 4125 973 4210 vere
1013 4154 1136 4234 queas
1175 4128 1322 4210 dicere.
1388 4128 1532 4235 Neque
