3936 4974
923 617 941 688 7

442 827 582 926 lestiae,
613 828 877 935 quae'npdum
896 855 1023 926 senes,
1053 827 1123 911 sed
1142 822 1431 937 ju'venes'quo-

438 1016 519 1096 que
539 988 591 1072 ad
611 985 896 1094 poenitentiain
917 985 1056 1068 uxoris
1074 978 1291 1070 adducantss
1356 987 1431 1067 ho-

438 1173 543 1253 quor
562 1145 696 1228 dehis
715 1172 805 1253 quae
827 1146 1000 1228 domum
1018 1143 1214 1253 pudieam
1239 1159 1428 1228 servant:

438 1335 535 1390 nam
553 1307 598 1389 in
615 1305 701 1389 fide·
718 1335 802 1390 non
820 1322 1032 1389 manentes
1051 1305 1169 1388 nullo
1187 1322 1310 1414 pacto
1329 1333 1429 1390 uxo·

436 1479 761 1566 rum'merentur
776 1497 940 1552 nomen.
1010 1469 1132 1580 Quod
1162 1468 1196 1552 si
1220 1468 1432 1576 pudicitiae

437 1630 507 1712 'vel
531 1630 713 1737 'suspicio
742 1628 812 1712 vel
830 1628 1005 1710 .crimen
1040 1627 1231 1724 addatur,
1265 1627 1432 1710 nullum

437 1791 515 1874 erit
532 1791 698 1903 gravius
717 1789 986 1887 to'rmentum,¹
1001 1788 1133 1872 ,nulla
1166 1788 1297 1899 major
1330 1791 1432 1875 inse·

440 1952 584 2035 licitas.
642 1952 747 2034 Mihi
764 1952 936 2059 quidem
957 1951 1029 2032 has
1057 1949 1316 2033 difficultates
1347 1954 1433 2041 ani-

442 2143 511 2198 mo
532 2113 732 2211 volventi,
763 2113 911 2196 rectius
930 2113 1070 2195 visum
1088 2111 1210 2198 estin
1236 2129 1325 2196 tuto
1342 2143 1435 2196 ver·
1538 2089 1540 2092 Ι

430 2275 524 2360 ·sari
564 2275 705 2383 procul
745 2275 795 2357 ab
832 2273 1115 2383 hujuscemodi
1148 2276 1269 2373 curis,
1313 2281 1438 2384 quim

443 2437 677 2544 periculum
695 2436 827 2518 facere
846 2434 930 2543 ejus
950 2435 1022 2532 rei,
1042 2461 1168 2542 quam
1190 2435 1312 2518 multi
1330 2438 1436 2544 sapi-

446 2618 558 2680 entes
578 2613 880 2703 ut'suspectam
913 2595 1110 2678 vitflrunt.
1169 2595 1271 2678 Sunt
1302 2615 1439 2679 autem

443 2758 568 2840 multi
587 2757 659 2865 qui
679 2757 865 2866 vergenti
891 2772 1007 2838 aetate
1035 2782 1209 2838 uxorem
1238 2781 1435 2864 quaerant.

430 2921 482 3003 ΔΟ
500 2917 673 3001 insulsos
703 2916 914 2998 homines!
947 2913 1033 3022 qui,
1063 2913 1154 2995 fessi
1175 2941 1220 2994 ac
1253 2917 1438 3024 requiem

427 3077 689 3187 ·petentes·in
706 3075 858 3158 lectum
883 3103 925 3158 se
948 3071 1181 3182 projiciunt,
1202 3073 1438 3180 quiescendi

447 3240 579 3334 causa,
609 3235 804 3342 vepribus
825 3263 869 3316 ac
889 3234 1001 3316 rubis
1028 3230 1244 3340 repletum.

428 3603 432 3608 ·
503 3559 561 3642 At
581 3555 679 3639 vei&
699 3557 827 3667 magis
842 3583 979 3638 ¹errare
999 3553 1103 3637 mihi
1123 3553 1329 3650 videntur,
1351 3557 1440 3662 qui-

445 3718 525 3801 bus
534 3719 639 3801 adsit
656 3717 825 3799 liberale
842 3716 1010 3822 aliquod
1025 3714 1220 3796 doctrinae
1234 3743 1359 3824 genus
1376 3716 1442 3797 c'ui

448 3877 617 3960 honest&
636 3895 782 3961 vacent
801 3897 840 3960 et
859 3877 1046 3959 animum
1062 3875 1180 3958 bonis
1197 3879 1351 3960 artibus
1365 3877 1440 3958 im-

450 4035 592 4118 buant.
634 4037 749 4116 ¹Nam
761 4035 930 4117 liberior
944 4050 1001 4116 est
1013 4033 1147 4115 multo
1163 4035 1212 4114 ad
1232 4032 1445 4116 literarum

426 4255 430 4270 ἢ
454 4195 591 4277 studia
609 4195 671 4276 sui
692 4194 851 4278 arbitrii
880 4193 959 4290 vir,
994 4198 1118 4300 quim
1148 4193 1446 4300 impedimento
