3936 4974
939 587 992 661 29

476 813 548 896 est,
585 797 681 878 duae
706 794 841 880 altera
869 794 1036 878 alterius
1071 793 1174 877 fulta
1212 792 1464 878 adminiculo

334 1064 338 1071 ¹
384 1064 389 1070 .
475 960 697 1067 perfectam
715 985 803 1040 rem
823 959 999 1041 efficiunt
1015 988 1024 1055 ;
1057 958 1114 1041 ita
1133 958 1243 1065 quod
1262 957 1333 1039 uni
1352 957 1464 1038 deest

473 1115 641 1202 alterius
669 1119 850 1201 subsidio
876 1117 1077 1201 fulcitur(
1120 1117 1270 1202 Dixisti
1300 1145 1463 1226 quoque

476 1279 551 1364 tibi
574 1280 705 1362 vitam
736 1279 1034 1384 senum-videri
1062 1277 1309 1361 breviorem.
1369 1279 1465 1360 Non

472 1467 639 1549 possum
658 1467 805 1550 negare
834 1440 1011 1548 termino
1041 1437 1121 1547 quo
1151 1437 1465 1546 proficiscuntur
1549 1513 1551 1518 s

472 1598 812 1709 propinquiorem
846 1627 940 1682 esse.
1004 1599 1062 1681 At
1092 1626 1139 1680 ea
1167 1615 1225 1682 est
1254 1599 1342 1682 vita
1370 1625 1463 1706 per·

421 1724 422 1727 i
471 1759 625 1856 sectior,
656 1756 882 1869 majorique
899 1758 1033 1869 agitur
1051 1785 1147 1838 cum
1167 1758 1300 1842 laude.
1358 1757 1462 1841 Prac-

472 1933 550 2001 stat
580 1917 692 2000 enim
718 1916 837 2002 brevi
857 1916 1000 1997 vivere
1025 1945 1120 1998 cum
1138 1917 1307 2018 virtute,
1337 1918 1463 2024 quam

473 2106 691 2161 cervorum
705 2079 841 2173 ¹vitam
860 2080 1008 2160 ducere
1029 2107 1126 2160 cum
1152 2078 1327 2190 ignavia,
1362 2075 1461 2160 stul-

474 2255 572 2337 tam,
603 2239 751 2321 erroris
772 2254 893 2347 atquc
914 2239 1082 2344 inscitiae
1101 2239 1284 2349 plenam,
1313 2267 1406 2348 quae
1422 2254 1461 2320 et

474 2399 620 2506 saepius
644 2398 796 2482 labitur
821 2427 904 2507 quo
936 2415 993 2483 est
1023 2400 1207 2512 fragilior
1234 2416 1274 2483 et
1303 2398 1460 2482 flexibi-

408 2669 409 2672 Ν
477 2560 555 2641 lior
583 2559 633 2641 ad
663 2525 793 2642 vitia.v
834 2562 946 2643 AEtas
979 2561 1084 2643 senis
1117 2563 1203 2666 (eos
1221 2587 1463 2645 verosenes

470 2719 634 2828 appello
655 2697 736 2836 mqui
765 2721 809 2803 id
839 2748 990 2804 nomen
1018 2720 1244 2805 substinere
1272 2728 1458 2831 possunt)

374 2905 375 2908 ‘
465 2878 828 2989 quantulacunque
864 2898 1047 2991 superest
1068 2885 1260 2992 ..perfecta
1295 2899 1366 2980 est,
1415 2884 1458 2964 in

475 3042 555 3145 qua
578 3038 689 3150 viget
720 3039 893 3138 animus,
937 3068 1065 3139 mens,
1106 3042 1337 3139 consilium,
1368 3070 1460 3149 quae

466 3196 632 3280 virtutis
651 3215 710 3282 est
729 3198 1025 3299 habitaculum,
1047 3219 1086 3285 et
1106 3201 1259 3285 fructus
1276 3203 1374 3284 vitae
1393 3228 1457 3284 su-

469 3356 653 3465 perioris.
724 3335 872 3469 Itaque
894 3364 1060 3472 quoquo
1089 3365 1261 3447 verteris
1300 3392 1459 3446 necesse

471 3536 529 3602 est
542 3520 738 3603 concedas
759 3538 922 3604 aetatem
941 3523 1046 3606 senis
1074 3525 1125 3607 ad
1146 3525 1459 3610 matrimonium

468 3679 628 3778 utilem,
659 3682 709 3764 ad
738 3681 838 3765 vitae
867 3711 988 3767 usum
1018 3688 1383 3784 accommodatam,
1413 3702 1458 3768 ut

473 3866 521 3920 ea
547 3839 664 3923 nobis
693 3844 923 3951 appetenda
938 3845 989 3929 sit
1009 3849 1043 3930 si
1062 3848 1254 3930 volumus
1282 3849 1459 3958 perfecte

475 4013 514 4081 et
534 4025 630 4080 cum
649 3993 802 4082 virtute
822 4003 977 4088 vivere.
