3936 4974
873 603 917 673 ll

459 815 605 923 Neque
624 813 724 897 vcro
743 805 836 896 illos
852 814 903 897 ab
922 812 1008 896 otio
1023 811 1237 897 literarum
1253 812 1392 895 matri-

401 974 591 1057 monium
610 965 783 1057 vocabit.
841 973 937 1055 Non
965 973 1077 1055 enim
1106 973 1273 1071 Socrati,
1303 974 1392 1055 Pla-

405 1135 505 1232 toni,
535 1132 764 1230 Aristoteli,
796 1132 1096 1241 Theophrasto,
1126 1150 1166 1215 et
1194 1134 1218 1217 ὲ
1245 1134 1393 1217 nostris

404 1291 548 1378 Catoni
578 1294 639 1376 illi
671 1295 817 1402 prisco,
847 1295 902 1375 M.
923 1292 1076 1392 Tullio,
1106 1279 1296 1388 Varroni.
1326 1291 1391 1372 Se·

406 1455 525 1551 necne,
559 1454 809 1561 reliquisque
838 1453 1083 1536 doctissimis
1118 1451 1219 1534 viris
1248 1478 1394 1533 uxores

406 1614 705 1722 impedimento
733 1615 916 1712 extitere,
949 1612 1195 1722 quominus
1230 1629 1393 1696 caeteros

407 1776 479 1884 qui
504 1774 690 1885 conjugia
718 1791 955 1881 respuerent
984 1775 1028 1855 in
1056 1773 1169 1855 omni
1189 1775 1393 1857 virtutum

407 1956 446 2018 et
467 1937 661 2018 doctrinae
679 1963 825 2046 genere
844 1951 1096 2042 superarent.
1150 1934 1263 2047 Quid
1283 1933 1394 2041 qudd

407 2097 673 2180 matrimonio
709 2097 780 2205 qui
817 2097 991 2180 abstinet
1028 2095 1097 2177 vel
1130 2094 1292 2176 adulter
1324 2092 1392 2175 vel

407 2259 627 2342 fornicator
645 2262 805 2356 evadet,
837 2276 906 2342 aut
936 2259 1055 2342 alteri
1084 2258 1188 2340 vitio
1222 2258 1394 2339 detesta-

407 2420 547 2503 biliori
576 2421 829 2505 involvetur.
900 2421 1044 2529 Neque
1079 2437 1124 2504 tu
1159 2418 1264 2502 mihi
1298 2419 1394 2501 vitae

379 2607 385 2624 ¹
405 2581 701 2666 continentiam
716 2581 799 2689 prae
815 2599 855 2666 te
871 2584 1000 2665 seras:
1032 2599 1070 2665 et
1091 2583 1258 2690 quidem
1274 2587 1396 2693 pauci

409 2741 634 2825 admodum
659 2742 837 2825 existunt
860 2743 932 2849 qui
961 2770 1052 2824 eam
1082 2744 1280 2827 virtutem
1310 2735 1395 2828 am·

408 2903 651 3010 plectantur.
726 2903 878 3015 Itaque·
906 2899 1077 3009 pro'pter
1118 2895 1395 2988 honestiorem

408 3088 571 3169 quoque
607 3061 739 3143 vitam
780 3062 918 3144 uxoris
955 3062 1117 3145 muneri
1155 3064 1395 3148 haerendum

407 3238 478 3306 est.
536 3222 611 3304 His
631 3251 704 3333 ego
724 3223 937 3318 decausis,
957 3223 1115 3306 etiamsi
1131 3245 1393 3308 caeteracom-

408 3383 533 3464 moda
564 3383 759 3481 abessent,
795 3380 908 3466 omni
938 3385 1045 3467 aetati
1075 3379 1126 3467 ad
1155 3387 1393 3496 progeniem

409 3559 513 3650 aptae
541 3542 703 3650 nuptias
726 3545 959 3627 suaderem:
990 3569 1122 3653 neque
1142 3537 1306 3632 vererer
1323 3537 1391 3631 ne·

406 3702 489 3784 scio
503 3703 615 3809 quod
628 3702 749 3785 inane
764 3703 972 3788 servitutis
986 3697 1147 3806 nomen,
1168 3711 1279 3816 quod
1299 3712 1391 3792 sub-

408 3888 492 3942 esse
520 3859 564 3943 in
591 3861 778 3973 conjugio
808 3859 956 3949 censes.
1020 3867 1189 3951 Summa
1222 3857 1391 3976 quidem

409 4019 572 4104 libertas
606 4039 664 4104 est
694 4023 837 4106 vivere
875 4042 919 4108 ut
950 4027 1066 4124 velis,
1110 4031 1221 4136 quod
1257 4019 1395 4114 solum

407 4176 642 4289 conjugium
673 4197 846 4288 praestat,
877 4183 920 4264 in
948 4212 1030 4294 quo
1053 4182 1293 4276 non-servis
1321 4192 1392 4273 sed
