3936 4974
754 519 892 606 GUL.
924 521 1257 607 SHEPHERD

688 758 824 842 cun.
856 758 1094 844 noscas
1143 760 1257 888 suo
1291 760 1328 843 s

502 1030 623 1140 Can,
663 1045 781 1130 tribus
815 1046 953 1129 abhinc
986 1048 1110 1145 annis,
1152 1047 1307 1130 Lcdelia
1353 1045 1498 1129 Parisi-

497 1241 605 1296 onem
619 1208 812 1321 paulisper
828 1236 1088 1303 commorarer,
1107 1210 1160 1292 in
1177 1206 1391 1292 bibliotheca
1409 1207 1498 1292 olim

497 1373 609 1486 Regi,
645 1371 755 1454 bodie
776 1371 882 1484 genti
909 1370 1109 1454 Gallorum
1140 1369 1338 1485 arroguld,
1375 1371 1496 1454 subse-

496 1537 578 1619 civa
597 1542 758 1644 tempora
775 1532 934 1644 quotidie
950 1536 1170 1643 comumpsi.
1230 1534 1332 1615 Inter
1348 1533 1495 1616 tlresau-

493 1728 556 1783 ros
593 1697 757 1780 codicum
784 1725 899 1780 neonn
924 1696 1143 1807 scriniorum
1171 1696 1224 1780 ibi
1248 1705 1493 1796 consonans,

493 1859 614 1942 incidi
634 1860 674 1942 in
703 1860 844 1972 Poggii
861 1857 1071 1971 Dialogum
1103 1861 1143 1942 in
1173 1888 1244 1970 quo
1269 1859 1492 1970 disputatur,

496 2030 520 2066 ‘⁶
543 2021 607 2102 An
646 2020 727 2102 seni
766 2021 815 2102 sil
855 2048 958 2104 uuor
991 2019 1159 2102 ducenda
1170 2021 1214 2116 ;’'
1257 2049 1364 2131 quem
1408 2017 1493 2102 alm

492 2179 706 2262 avidissimi
734 2178 981 2291 perlegissem,
1020 2186 1153 2291 (utoole
1188 2181 1254 2291 qui
1283 2183 1323 2263 in
1354 2181 1494 2292 Poggii

494 2339 584 2424 Vitd
601 2367 717 2449 nuper
742 2367 769 2421 a
796 2368 852 2421 me
869 2339 981 2440 editi,
1010 2339 1113 2424 istud
1139 2342 1279 2452 ingemi
1304 2340 1383 2452 ejus
1410 2372 1487 2424 mo-

490 2511 704 2588 numentum
748 2506 788 2588 in
824 2502 977 2614 pulnere
1021 2503 1243 2617 tenebrisque
1287 2504 1489 2589 delitescere

338 2685 340 2691 '
488 2676 632 2780 questus
674 2673 799 2772 essem)
829 2666 1000 2751 accurati
1036 2670 1265 2779 transcripsi,
1307 2699 1489 2782 quuneque

480 2831 646 2939 primum
673 2857 744 2938 per
777 2829 893 2911 olium
921 2826 1041 2910 liceret
1069 2830 1161 2941 lypis
1189 2827 1395 2913 cudendum
1423 2859 1483 2916 cu·

487 2989 582 3071 ravi.
637 2982 724 3072 ‘libi
735 2995 868 3085 autem,
887 2990 942 3070 mi
961 2988 1115 3086 Roseae,
1148 2988 1361 3099 opusculum
1378 2990 1485 3074 bucce

485 3150 648 3232 dicatum
687 3146 893 3231 volo-libi
931 3150 997 3260 qui
1036 3147 1164 3233 litteris
1203 3150 1483 3236 humanioribus
1543 3263 1545 3267 Ι

484 3319 563 3392 tam
590 3307 733 3391 claram
759 3307 875 3390 lucem
892 3305 1101 3420 preffudisli
1110 3338 1127 3404 ;
1162 3309 1334 3421 cujusque
1361 3339 1483 3394 exem·

475 3469 543 3580 plo
580 3477 613 3551 el
640 3469 887 3553 cohortatione
913 3469 1103 3580 impulsus,
1141 3472 1180 3554 in
1201 3475 1481 3583 perscrutandis

478 3633 625 3742 ⁴serialis
643 3633 808 3716 verorum
826 3631 1025 3716 illustrium
1048 3635 1114 3745 qui
1138 3635 1234 3718 inter
1250 3635 1368 3719 Italos
1395 3665 1475 3718 eru·

481 3793 579 3877 ditos
616 3821 682 3876 rev.
711 3792 836 3876 saculi
871 3792 1094 3893 claruerunt,
1129 3825 1374 3910 permagnum
1412 3828 1475 3881 no-

479 3954 651 4070 luptutem
679 3962 846 4065 expertus
874 3984 967 4039 sum.
1033 3956 1135 4039 Vale.

557 4214 664 4272 Dabam
675 4234 709 4274 cx
721 4214 828 4295 Angulo
841 4235 908 4290 nuo,
929 4215 989 4276 Ital.
1003 4217 1073 4288 Jun.
1099 4223 1183 4278 1805.
