3936 4974
964 564 986 634 5

478 802 581 860 rnen·
608 775 762 886 parnrn·
785 783 924 858 merito
950 789 1133 858 constare
1162 773 1287 860 mihi
1307 773 1478 856 videtur

477 938 554 1046 qui
566 938 712 1046 quinto
731 951 771 1018 et
790 935 1129 1046 quinquagesimo
1148 949 1268 1033 anno,
1289 963 1379 1044 quae
1396 935 1471 1018 tibi

354 1197 359 1206 .
475 1127 585 1182 nunc
618 1115 714 1184 aetas
742 1113 814 1196 este
843 1096 1066 1210 conjugem⁴
1091 1098 1249 1204 querit,
1279 1083 1467 1208 ingrave-

474 1252 628 1342 scentcs
639 1259 728 1369 jam
746 1261 826 1342 sua·
837 1273 982 1366 sponte
1008 1285 1142 1339 annos.
1153 1257 1333 1367 graviori
1351 1281 1465 1338 cura-

475 1447 570 1502 rum
587 1421 698 1503 mole
717 1421 970 1530 deprimens..
1022 1418 1134 1531 Qui-d
1164 1419 1333 1503 enimsi
1361 1445 1468 1499 uxor

475 1578 562 1662 tuis
591 1580 775 1663 moribus
810 1579 1030 1662 contraria
1049 1607 1093 1661 ac
1122 1606 1316 1687 perversa
1352 1579 1467 1662 dorni

474 1739 611 1837 suerit,
640 1765 731 1846 quae
765 1754 806 1821 te
828 1739 1085 1820 redeuntem¹
1112 1754 1231 1822 torvo
1267 1737 1468 1848 gravique

473 1899 650 2006 excipiat
669 1898 790 1981 vultu
810 1928 819 1996 ;
853 1913 1072 1982 exeuntem
1084 1895 1223 2008 jurgio
1244 1927 1464 2007 prosequa-

473 2074 563 2156 tur3
582 2060 712 2140 domi
742 2075 975 2142 morantem
1007 2057 1145 2142 verbis
1179 2059 1383 2142 obtundat
1420 2087 1476 2141 ac

363 2291 367 2299 .
472 2220 687 2302 mordeat!
733 2221 835 2332 Quae
861 2234 1029 2316 tooure,
1060 2229 1151 2327 quae
1169 2220 1363 2316 anxietas,
1393 2221 1466 2327 qui

471 2381 622 2464 mentis
658 2381 862 2464 cruciatus
893 2379 1086 2462 vexabit!
1134 2379 1252 2492 Quid,
1283 2380 1317 2462 si
1353 2381 1467 2462 ebria

475 2541 675 2647 (accidere
693 2544 805 2625 enim
823 2541 910 2624 haec
928 2545 1114 2650 possunt)
1133 2542 1286 2626 fuerit?
1327 2540 1367 2622 Si
1387 2541 1464 2622 irn-

473 2701 637 2812 pudica,
667 2705 832 2814 ignava·
856 2702 1147 2794 somnolenta?
1186 2703 1319 2787 Satius
1335 2703 1464 2784 emori

473 2884 575 2950 esset
594 2872 718 2976 quarn
737 2893 834 2950 curn·
855 2868 932 2950 hac
962 2868 1094 2951 vitam
1125 2869 1282 2978 degere.
1341 2866 1464 2948 Adde

472 3026 586 3136 quod
607 3045 676 3112 aut
695 3031 814 3141 virgo
833 3046 902 3112 aut
923 3030 1063 3126 vidua,
1082 3043 1127 3112 ‘et
1146 3057 1193 3112 ea
1218 3027 1287 3110 vel
1307 3027 1463 3110 adoles-

470 3217 565 3272 cens
583 3190 654 3272 vci
672 3207 790 3273 aetate
807 3193 1054 3299 provectior,
1084 3191 1171 3273 seni
1191 3191 1268 3273 erit
1286 3188 1461 3300 jungen-

470 3350 537 3432 da.
595 3351 735 3460 Virgo
765 3351 1032 3434 cnm··diversi
1050 3351 1131 3432 sint
1157 3349 1464 3457 adolescentum

389 3623 390 3626 Ν
472 3524 511 3590 ct
532 3506 739 3618 juvenum
769 3537 930 3607 rnoress
944 3511 1053 3592 varii
1087 3510 1307 3616 appetitus,
1339 3508 1464 3620 'longe

471 3669 552 3751 alia
569 3687 729 3767 natura,
760 3659 852 3753 raro
870 3671 1087 3752 conveniet
1106 3697 1202 3750 curn
1221 3671 1325 3751 viro,
1383 3673 1462 3754 Va-

471 3828 594 3910 rietas
615 3831 942 3914 morumwreddet
965 3831 1250 3922 diversitatem
1278 3831 1387 3930 vitae,
1417 3854 1463 3916 ut

470 3993 583 4082 idern
603 3993 753 4074 sentire
773 4020 856 4072 non
876 3991 1044 4098 possint.
1103 3990 1249 4072 Altera
1269 3991 1366 4088 risu,
1402 3993 1464 4078 lu·

470 4152 546 4250 dis,
568 4151 698 4262 jocis3
730 4152 833 4235 alter
861 4151 1096 4234 austeritate
1126 4166 1166 4232 et
1202 4151 1321 4236 rebus
1350 4161 1465 4246 seriis
