3936 4974
1035 598 1084 671 10

552 773 806 901 caete'rorurn,
834 807 934 890 verit
951 835 996 889 ac
1010 803 1190 914 perlecti
1207 805 1401 905 amicitia,
1422 822 1548 916 qua'm

552 968 736 1050 maxime
764 966 1002 1076 conjugium
1031 981 1208 1075 praestat,
1238 967 1548 1080 acflquotidiani

545 1126 839 1214 ,benivolentia
858 1127 1083 1234 privatum.
1133 1126 1274 1234 Turpe
1286 1128 1457 1235 quidem
1476 1142 1548 1224 est,

555 1316 601 1371 ac
625 1304 773 1396 praeter
809 1287 957 1368 naturai
988 1287 1103 1400 nobis
1134 1286 1299 1369 insitam
1333 1289 1549 1386 rationem,

535 1448 654 1532 ¹ciam
672 1447 798 1530 homo
822 1445 1054 1536 animaleit
1084 1447 1277 1530 sociabile
1306 1450 1359 1531 ad
1388 1477 1548 1556 procre-

560 1609 741 1694 ationem
765 1623 922 1705 natum,
958 1634 1149 1713 respuere
1168 1608 1362 1718 gignendi
1382 1609 1549 1700 laculta·

560 1787 659 1868 tem,
689 1786 729 1853 ct
757 1795 849 1852 eam
883 1765 1119 1851 societatem
1156 1796 1347 1886 spernere
1374 1799 1466 1878 quae
1501 1771 1552 1854 sit

561 1929 751 2014 omnium
779 1928 938 2036 optima
966 1955 1012 2008 ac
1032 1925 1341 2042 jocundissima.
1398 1929 1553 2024 Caejtera

562 2087 759 2174 animalia
778 2087 935 2170 ratione
956 2087 1149 2207 carentia,
1176 2088 1239 2170 vis
1265 2089 1353 2197 ipsa
1374 2088 1553 2197 impellit

563 2268 719 2333 naturae
753 2248 804 2330 ad
828 2245 1160 2356 conjunctionem
1192 2251 1435 2357 procreandi
1465 2279 1554 2364 gra-

564 2413 635 2510 tia,
653 2429 698 2494 ut
715 2438 788 2492 sua
798 2409 951 2515 species
963 2408 1111 2518 cuique
1123 2428 1399 2493 conservetur.
1443 2410 1556 2522 Quid

560 2572 688 2656 homo
716 2578 872 2652 ratione
899 2588 1029 2665 utens,
1058 2568 1173 2679 cujus
1203 2568 1445 2652 foecunditas
1456 2563 1553 2680 suti·

565 2734 646 2816 lior
674 2747 732 2814 est
756 2730 899 2826 brutis,
934 2758 987 2812 an
1011 2731 1088 2813 erit
1117 2730 1271 2813 caeteris
1292 2730 1484 2827 deterior,
1514 2743 1555 2811 et

562 2893 755 2978 facultate
782 2890 935 2973 caelitus
963 2890 1238 3002 propaganda
1267 2890 1418 2973 sobolis
1445 2889 1555 2988 datia,

565 3058 617 3140 ad
657 3054 882 3136 delendum
915 3079 1043 3161 genus
1077 3052 1296 3134 hominum
1331 3050 1555 3134 abutetur?

567 3219 674 3302 Vide
704 3244 755 3298 ne
789 3242 896 3297 erres
925 3213 1103 3295 nimium
1134 3215 1192 3295 mi
1221 3215 1404 3322 Nicolae‚
1443 3215 1477 3297 si
1512 3215 1557 3306 id

567 3379 691 3464 etiam
721 3375 814 3456 viro
849 3372 1024 3480 sapienti
1059 3374 1229 3458 suadere
1256 3373 1400 3470 velles,
1444 3374 1557 3481 quod

565 3540 617 3621 ad
647 3534 983 3644 extinguendum,
1019 3560 1103 3615 non
1132 3530 1486 3632 solum·civitates
1516 3547 1556 3615 et

566 3698 786 3782 hominum
804 3713 954 3790 coetus,
984 3695 1055 3775 sed
1075 3708 1280 3776 terrarum
1297 3720 1463 3800 quoque
1491 3720 1555 3774 or·

564 3864 661 3944 bem
689 3870 905 3964 spectaret.
973 3855 1221 3967 Quanquam
1250 3853 1410 3960 sapiens
1440 3851 1560 3934 nullo

485 3999 486 4002 i
567 4021 692 4106 modo
729 4044 813 4098 esse
843 4030 988 4121 posset,
1035 4015 1107 4121 qui
1144 4031 1300 4096 naturae
1328 4013 1465 4095 ordini
1496 4014 1556 4094 in·

566 4185 790 4285 stitutoquc
819 4174 1051 4270 contrairet,
1088 4203 1112 4257 a
1138 4174 1225 4284 ,quai
1252 4174 1355 4257 bene
1383 4174 1559 4282 uiuendi

566 4369 689 4430 omne
710 4334 962 4448 principium
981 4334 1159 4415 ducitur.
