3936 4974
1012 568 1036 640 d

529 773 845 884 obsequentem:
866 790 912 864 ut
924 778 1141 888 magistua
1153 779 1320 864 soruma
1335 776 1438 862 inea
1452 780 1522 882 de·

531 937 697 1050 ligenda
714 941 1042 1050 commendanda
1059 940 1129 1040 sit,
1161 944 1286 1048 quam
1303 940 1523 1026 consilium

526 1100 576 1182 in
595 1100 874 1204 deliberando.
932 1101 1011 1210 Sed
1038 1100 1132 1184 ciam
1152 1098 1253 1185 tara
1280 1100 1332 1184 sit
1361 1101 1449 1184 avis
1478 1100 1523 1183 in

530 1263 660 1361 terris,
679 1293 763 1348 non
781 1265 884 1372 quid
904 1264 979 1346 tibi
991 1264 1221 1376 contigerit,
1236 1263 1309 1346 sed
1325 1262 1427 1370 quid
1442 1262 1523 1346 tibi

529 1421 573 1503 id
594 1423 720 1506 aetatis
750 1426 922 1538 dignum
951 1442 1066 1523 esset,
1096 1425 1366 1534 quaerendum
1403 1423 1522 1522 duco.

529 1583 699 1668 Factum
717 1585 818 1670 verd
840 1602 972 1684 tuum,
1003 1586 1344 1694 quandoquidem
1363 1613 1412 1669 ex
1432 1612 1521 1672 sen·

529 1744 659 1828 tentia
691 1745 851 1844 accidit,
884 1746 1156 1856 vehementer
1183 1745 1338 1858 probo:
1369 1744 1440 1851 ¹‚sed
1461 1770 1522 1866 eo

527 1906 654 1987 modo
670 1934 753 2013 quo
768 1902 940 2016 quidam
963 1909 1102 2015 (prout
1113 1904 1285 2012 vdudum
1302 1905 1441 1989 ridens
1460 1932 1525 1986 re*

511 2062 675 2170 tulisti)
715 2064 836 2147 amici
866 2066 1020 2148 iactum
1053 2066 1261 2176 probavit.
1329 2066 1524 2149 Narrasse

528 2225 682 2308 etenim
712 2240 752 2308 te
781 2227 953 2309 memini
979 2226 1188 2334 quendam
1215 2225 1258 2306 in
1287 2223 1444 2334 Anglid
1472 2224 1523 2308 ab

528 2384 660 2466 amico
693 2383 927 2468 consultum
962 2414 1016 2468 an
1049 2386 1258 2500 faeminam
1294 2411 1421 2493 quam
1457 2413 1522 2467 oe·

525 2545 636 2630 culte
654 2563 773 2630 antea
797 2549 1085 2656 desponderat,
1114 2576 1289 2631 uxorem
1319 2561 1522 2644 sumeret:

524 2737 739 2816 quumque
759 2708 831 2790 ille
862 2709 1027 2816 (panim
1052 2709 1165 2790 enim
1193 2706 1407 2818 pudicitiae
1431 2733 1522 2788 mu·
1574 2811 1578 2822 ἆ

527 2868 606 2951 lier
623 2869 898 2978 consuluerat)
924 2899 1012 2952 rem
1031 2867 1120 2953 fieri
1139 2869 1391 2980 prohiberet,
1422 2867 1522 2950 ami·

528 3058 598 3114 cus
618 3047 757 3113 autem
785 3029 864 3112 sibi
893 3031 1101 3142 integrum
1129 3058 1213 3112 non
1242 3056 1327 3112 esse
1355 3028 1527 3127 diceret,

525 3193 621 3275 edm
639 3220 732 3275 eam
742 3191 998 3302 jamdudum
1017 3190 1283 3299 despondisse
1299 3189 1518 3285 fateretur3

526 3354 600 3436 ille
634 3354 774 3437 statim
807 3355 968 3436 mutata
994 3350 1211 3447 sententia,
1243 3363 1443 3456 tanquam
1478 3345 1522 3426 in

526 3515 712 3598 mulieris
728 3514 897 3597 nomine
909 3525 1090 3609 errasset,
1106 3506 1421 3592 matrimonium
1431 3533 1521 3589 sua·
1590 3487 1591 3492 Ν

529 3681 594 3777 sit,
624 3676 782 3786 optime
801 3675 845 3757 id
864 3675 1018 3756 iactum
1037 3662 1122 3754 esse
1141 3695 1388 3753 asseverans.
1454 3665 1523 3747 Iti·

529 3843 626 3924 dem
645 3865 735 3948 ego,
766 3835 878 3944 quod
897 3850 1035 3917 actum
1053 3846 1112 3914 est
1128 3829 1373 3939 approbans,
1392 3851 1523 3932 quum

532 4002 608 4086 tibi
628 4028 689 4082 res
719 4026 770 4080 ex
798 4011 899 4079 voto
927 3992 1086 4089 cecidit,
1117 3989 1230 4098 quod
1260 4003 1400 4070 tamen
1432 3980 1526 4066 rard

530 4164 698 4248 evenire
716 4161 832 4260 solet,
862 4149 1119 4241 fortunatum
1138 4147 1254 4262 ¹puto.
1320 4133 1524 4234 Verunta-
