3936 4974
1077 629 1124 699 16

610 839 690 924 ticit
709 839 753 920 in
777 865 825 926 re
849 834 1076 920 accuratior
1091 832 1410 944 diligentiorque
1426 861 1598 918 essesu-

609 999 713 1097 leat3
746 1014 915 1106 propter
933 995 1144 1104 publicam
1161 994 1399 1094 utilitatem,
1429 1011 1600 1110 propter

609 1157 1204 1254 societatemvitaecommunis,
1224 1175 1393 1265 propter
1408 1149 1600 1237 mutuum

607 1321 780 1403 vivendi
810 1309 1059 1427 praesidium,
1094 1336 1264 1429 propter
1286 1336 1475 1400 mutuam
1495 1331 1599 1401 tute·

607 1482 704 1578 lam,
734 1481 893 1563 etiamsi
912 1477 1094 1562 filiorum
1123 1507 1213 1588 spes
1243 1478 1360 1575 absit,
1389 1478 1476 1560 seni
1497 1503 1602 1558 uror

516 1733 535 1751 ..
608 1644 686 1726 erit
705 1642 953 1750 accipienda.
1010 1643 1155 1750 Neque
1177 1639 1273 1722 verd
1291 1657 1404 1722 uror¹
1423 1637 1601 1735 tantirrn,

609 1806 680 1888 sed
687 1803 946 1914 juvenilibus
958 1831 1121 1912 quoque
1133 1803 1250 1885 annis
1266 1818 1304 1884 et
1316 1817 1432 1884 aetate
1445 1798 1602 1883 florida.

610 1967 807 2064 Primirm,
837 1964 921 2075 ejus
939 1966 1066 2048 aetatis
1090 1964 1296 2047 anhelitus
1323 1989 1451 2070 purus
1482 1976 1604 2068 atque

611 2126 870 2234 incorruptus
886 2143 1136 2208 senectutem
1147 2118 1375 2203 vivificabit
1391 2105 1604 2200 conserva·

612 2283 755 2392 bitque
792 2287 1006 2395 integram.
1065 2281 1225 2364 Deinde
1251 2278 1484 2361 adolescens
1518 2292 1604 2358 tan·

608 2471 738 2553 quam
754 2473 858 2540 cera,
879 2444 1028 2527 teneris
1048 2440 1184 2526 adhuc
1204 2439 1334 2537 annis,
1365 2438 1447 2521 viri
1460 2451 1466 2466 '
1479 2437 1603 2522 mori·

607 2599 685 2699 bus
699 2616 738 2682 et
753 2600 1047 2682 consuetudine
1060 2599 1336 2708 imprimetur,
1354 2616 1400 2681 ut
1414 2596 1499 2680 levi
1516 2624 1602 2678 rno-

613 2775 754 2843 mento
781 2765 978 2862 assuescat
1008 2760 1090 2842 viri
1120 2759 1323 2842 desiderio
1361 2786 1518 2867 parere,
1562 2759 1606 2841 id

613 2937 792 3030 appetat,
836 2919 881 3003 id
919 2921 1107 3034 refugiat,
1154 2923 1266 3031 quod
1295 2921 1436 3004 virum
1464 2935 1608 3029 optare

613 3082 928 3175 animadvertat.
1003 3084 1057 3167 Ut
1101 3082 1214 3167 enim
1259 3081 1420 3166 tenellae
1457 3081 1607 3190 plantae

614 3269 699 3350 quo
733 3242 837 3326 velis
874 3241 1097 3327 flectuntur
1138 3245 1268 3356 magis
1308 3248 1433 3351 quam
1472 3268 1606 3323 corro-
1720 3343 1724 3350 ¹

614 3402 778 3501 boratae,
808 3403 865 3486 ita
890 3403 1231 3488 adolescentiores
1257 3403 1417 3486 saciliirs
1451 3403 1609 3513 redigas

613 3561 666 3645 ad
695 3578 811 3645 tuam
838 3565 1193 3662 consuetudinem,
1224 3567 1357 3672 quem
1386 3562 1478 3645 illas
1508 3590 1609 3671 quas

567 3721 810 3831 ‘velatas
838 3723 917 3832 ¹vel
956 3723 1124 3832 alterius
1163 3727 1247 3808 viri
1285 3753 1382 3808 usus
1423 3723 1608 3808 reddidit

612 3882 857 3969 callidiores.
929 3886 1024 3969 Tibi
1054 3887 1348 3994 obsequentem
1378 3885 1512 3983 facies,
1556 3883 1608 3968 ad

612 4055 733 4121 tuum
771 4061 922 4125 nutum
964 4043 1193 4143 inclinabis,
1238 4072 1438 4128 assuesccs
1481 4042 1608 4125 nullis

616 4200 736 4283 malis
774 4202 978 4286 imbutam
1021 4206 1205 4288 moribus
1243 4206 1320 4291 tibi
1362 4201 1610 4316 morigeram
