3936 4974
891 652 939 728 27

424 862 582 970 rabitur
596 862 766 959 ratione,
796 879 835 946 et
855 864 898 945 id
917 862 1099 945 conferre
1119 862 1281 974 docebit
1297 865 1412 972 quod

263 1065 270 1082 ·
417 1043 581 1135 'naturae
599 1043 645 1114 et,
657 1023 859 1114 honestati
879 1024 1001 1106 suerit
1017 1023 1301 1114 necessarium.

480 1344 603 1457 Quod
619 1325 622 1332 ⁴
640 1341 738 1426 verd
773 1371 908 1452 neque
940 1341 1146 1454 virginem
1181 1369 1315 1450 neque
1350 1342 1413 1428 vi·

427 1505 555 1601 ‚duam
573 1532 706 1613 neque
725 1520 843 1588 aetate
870 1519 1077 1586 maturam
1095 1503 1328 1588 ducendam
1345 1513 1415 1586 exss

426 1665 651 1764 istimabas,
688 1695 787 1776 pace
825 1670 893 1750 tut
922 1665 1091 1774 Nicolae
1128 1666 1318 1765 dixerim,
1334 1710 1336 1714 ·
1354 1667 1419 1750 ni·

428 1828 521 1914 mis.
547 1829 733 1913 aberrare
775 1828 929 1915 videris
959 1832 984 1908 a
1011 1846 1122 1912 recto
1156 1827 1331 1940 judicio,
1376 1846 1418 1912 et

431 1989 512 2074 tuis
540 1989 723 2074 moribus
752 1989 901 2073 favere.
975 1989 1105 2073 Ducet
1134 1989 1305 2097 quidem
1332 1990 1418 2072 vir·

433 2152 584 2264 ginesii,
627 2167 667 2234 et
696 2179 748 2234 eo
774 2151 903 2262 magis
940 2148 1053 2257 quod
1092 2177 1219 2232 annos
1258 2163 1422 2236 teneros

434 2309 548 2402 nulla
568 2307 744 2420 ,alterius
783 2323 1056 2416 praeterquam
1095 2308 1314 2392 domestica
1348 2338 1419 2418 pa·

429 2488 602 2568 ,rentum
639 2468 934 2588 consuetudine
958 2457 1140 2566 edoctos,
1180 2465 1312 2564 fleetet
1340 2470 1426 2578 qud

430 2632 564 2730 ¹volet,
594 2631 638 2715 in
662 2659 783 2730 suam,
808 2629 1107 2715 institutionem
1133 2629 1311 2727 inducet,
1341 2630 1426 2714 suis

438 2791 622 2882 moribus
659 2791 878 2900 coaptabit,
916 2789 1156 2878 auctoritate
1184 2806 1224 2873 et
1253 2790 1429 2880 consilio

439 2969 574 3064 regen
614 2951 656 3033 id
685 2978 770 3036 esse
797 2951 1004 3059 optimum
1032 2949 1194 3034 docebit
1222 2953 1334 3058 quod
1364 2955 1428 3034 su-v

439 3114 516 3198 erit
546 3113 788 3212 honestum3
822 3115 1008 3197 ostendet
1036 3128 1189 3219 quanta
1217 3112 1269 3195 sit
1295 3114 1426 3195 conti·

349 3265 352 3270 ’
442 3277 593 3359 nentiae
614 3237 763 3373 uirtus,
802 3276 904 3383 quid
939 3274 1101 3382 pudicae
1128 3272 1178 3358 ab
1208 3274 1431 3384 impudicis

432 3436 646 3528 differant,
676 3454 875 3544 quatenus
893 3433 1099 3541 voluptati
1128 3432 1434 3545 indulgendum

432 3599 507 3695 sit,
537 3613 735 3705 quatenus
755 3597 1055 3682 abstinendum.
1112 3598 1173 3678 lta
1191 3595 1339 3693 verbis,
1369 3599 1432 3680 ni.-

445 3755 479 3840 si
507 3755 660 3838 animal
688 3756 902 3864 stupidum
928 3754 1066 3852 tuerit,
1105 3777 1351 3862 assequetur,
1385 3775 1434 3842 ut

447 3917 558 4024 quod
591 3916 687 4001 anni
721 3893 944 4026 aliquando
991 3932 1163 4023 poscunt
1205 3917 1310 3998 ratio
1345 3924 1433 4000 'mo

449 4076 641 4174 deretur3
690 4077 802 4208 quod
847 4076 916 4159 vir
959 4074 1141 4171 suaserit,
1189 4074 1232 4157 id
1274 4076 1436 4184 potissi-

450 4235 568 4318 mum
595 4235 1028 4352 censeatiaeiendum.
1085 4234 1224 4318 Vidua
1248 4254 1385 4321 autem
1401 4237 1438 4320 si
1496 4327 1500 4332 ,
1574 4255 1575 4260 '
