3936 4974
1004 573 1027 644 6

542 777 825 862 delectabitur.
869 780 960 864 wIlla
977 783 1166 891 appetitu
1182 780 1258 865 erit
1279 776 1534 878 meliusculo,

522 929 609 1020 ³vir
644 941 855 1024 stomacho
892 943 1058 1028 debilis:
1107 943 1235 1027 altera
1280 944 1324 1026 in
1369 950 1535 1025 eausam

538 1097 678 1180 virum
699 1100 875 1195 vocabit,
908 1100 1013 1184 alter
1032 1101 1255 1194 declinabit
1277 1103 1426 1183 forum.
1473 1100 1535 1181 lta

540 1260 801 1344 affectionum
826 1263 1057 1370 disparitas,
1087 1263 1356 1346 dissensiones
1384 1256 1532 1369 primd,

539 1418 690 1501 deinde
711 1420 856 1503 odium
875 1422 1028 1529 pariet..
1082 1423 1136 1506 Ut
1157 1420 1268 1504 'mihi
1293 1421 1466 1529 quidem
1489 1417 1550 1499 in'

484 1577 485 1580 ‘
524 1573 698 1661 'lubrico
717 1581 871 1674 versari
891 1582 1085 1664 videatur
1102 1609 1223 1664 senex
1242 1581 1310 1662 cui
1326 1579 1445 1689 virgo
1466 1606 1531 1658 co-

492 1853 494 1858 Χ
537 1736 680 1850 pulata
705 1739 768 1822 sit.
828 1741 965 1824 Vidua
985 1740 1099 1870 veni.
1131 1741 1164 1824 si
1193 1737 1532 1850 juvenisluer'it,

524 1895 726 2004 juvenem
744 1885 883 1982 virum
896 1919 1083 2010 experta,
1101 1901 1258 1985 dolebit
1274 1901 1401 1984 aetatis
1420 1910 1529 1981 com-

521 2060 823 2158 mutationem,
861 2079 1057 2170 queretur
1080 2062 1222 2146 cibum
1259 2062 1530 2144 diminutum.

522 2215 707 2328 'Semper
726 2221 874 2330 prioris
893 2223 975 2304 viri
994 2250 1168 2320 memor,
1200 2238 1239 2305 et
1266 2221 1398 2303 dulcis
1418 2237 1528 2302 ante-

537 2396 634 2462 acte
649 2379 758 2480 uitae,
771 2377 880 2494 ‘aegre
894 2401 1146 2468 senectutem
1164 2384 1303 2466 animo
1319 2383 1432 2478 leret,
1446 2409 1530 2462 sus·

540 2535 679 2645 pi'rans
700 2571 745 2624 ac
763 2561 947 2626 mentem
971 2545 1147 2626 reserens
1182 2544 1233 2626 ad
1262 2543 1444 2652 priorem
1468 2541 1530 2623 vi-

536 2728 629 2782 rum
648 2732 671 2807 ;ἱ
692 2705 736 2785 ut
754 2705 879 2812 plane
897 2703 1166 2816 intelligatur,
1197 2703 1272 2786 etsi
1293 2702 1336 2783 id
1356 2717 1439 2784 non
1459 2730 1529 2816 au·

424 2955 425 2960 p
533 2861 636 2944 deat.
647 2865 841 2969 prolerre,
858 2865 1123 2973 praesentium
1143 2891 1282 2945 rerum
1298 2878 1528 2970 pertaesam,

535 3022 673 3104 amissi
692 3024 774 3107 viri
792 3026 997 3108 desiderio
1015 3023 1283 3107 commoveri.
1351 3024 1422 3106 Sin
1436 3036 1532 3142 'tuae

536 3181 645 3262 aetati
662 3183 849 3288 vetulam
874 3183 1127 3272 conformem
1155 3181 1421 3286 matrimonio
1455 3184 1534 3268 tibi

532 3343 732 3452 junxeris,
755 3373 888 3454 neque
908 3343 984 3427 filii
1004 3344 1262 3440 creabuntur,
1293 3360 1332 3426 et
1352 3345 1436 3426 duo
1455 3347 1531 3427 im·

537 3506 716 3604 becisser,
753 3504 857 3614 alter
884 3505 1068 3588 alterius.
1089 3532 1214 3586 onere
1251 3506 1532 3608 succumbent.

521 3669 727 3773 Cumque
746 3665 868 3747 unius
887 3664 1078 3747 debilitas
1092 3690 1290 3774 magnum
1307 3693 1410 3749 onus
1440 3667 1531 3750 affe-

541 3845 617 3924 rat,
649 3826 903 3908 accumulata
924 3825 1192 3932 postmodum
1211 3824 1369 3933 duplici
1389 3830 1537 3910 morbo

541 3993 705 4076 summit
741 3987 958 4093 torquebit·
993 3984 1238 4106 calamitate.
1310 3988 1536 4098 Emergunt

541 4155 738 4269 praeterea
757 4165 954 4230 sexcentae
980 4147 1025 4228 in
1049 4147 1161 4230 diem
1182 4146 1417 4255 improvisae
1446 4175 1534 4231 mo-
