3936 4974
819 647 863 714 15

359 837 489 939 tutem
509 853 745 963 spectantia,
765 852 809 934 in
824 851 972 959 quibus
992 848 1258 934 immutandae
1277 845 1345 935 de·
1447 827 1459 844 „

360 1017 656 1143 teriorandaeve
686 1014 993 1100 consuetudinis
1030 1013 1352 1122 nullasuspicio

361 1137 555 1282 supersit
623 1173 735 1256 Senis
771 1199 951 1278 namque
987 1175 1081 1255 aetas
1118 1176 1351 1282 prudentio,

363 1330 534 1418 consilio
557 1334 682 1446 viget,
711 1351 757 1416 ut
787 1360 871 1414 non
900 1333 1017 1416 facile
1042 1336 1085 1415 in
1110 1363 1266 1417 errores
1296 1335 1351 1419 la-

362 1497 496 1588 batur.
556 1495 636 1576 Hic
651 1521 834 1590 uxorem,
855 1521 941 1576 rem
960 1494 1223 1578 imbecillam.
1245 1513 1354 1608 reget

292 1670 295 1674 ’
366 1655 510 1750 ordine
530 1672 570 1738 et
589 1652 821 1745 domesticis
843 1652 1063 1736 institutis:
1095 1654 1355 1738 effervescen-

348 1809 426 1912 tes
445 1844 571 1900 annos
591 1816 694 1898 bene
712 1815 885 1897 vivendi
901 1814 1111 1922 praeceptis
1129 1835 1359 1925 compescet

369 1993 491 2083 atque
520 1975 716 2062 instruet:
747 1972 928 2064 fortunas
951 1999 1034 2054 non
1061 1973 1196 2058 sotom
1223 2003 1359 2060 serva·

369 2138 443 2236 bit,
473 2138 542 2218 sed
564 2136 727 2246 augebit
752 2135 796 2216 in
824 2160 1002 2218 suomet
1022 2133 1204 2219 filiorum
1227 2163 1361 2221 usum.

371 2299 534 2383 Etenim
553 2316 599 2380 ut
618 2285 850 2405 pomorum,
870 2295 926 2376 sic
945 2297 1086 2394 aetatis,
1104 2314 1259 2380 naturae
1277 2327 1361 2383 ma·
1423 2311 1425 2315 ’

374 2462 517 2544 toritas
538 2460 726 2568 quaedam
755 2475 846 2539 est:¹
868 2455 941 2562 qui
971 2459 1124 2541 liuctus
1152 2473 1211 2542 est
1243 2461 1362 2543 uber·
1397 2525 1401 2536 .

375 2624 503 2707 rimus
531 2621 759 2705 senectutis.

430 2942 575 3048 Neque
609 2957 653 3024 tu
681 2940 787 3023 mihi
819 2939 1040 3032 nonnullos
1077 2935 1191 3025 senes
1228 2943 1367 3028 afferas

375 3101 714 3198 valetudinarios,
758 3099 941 3184 difficiles
959 3128 1021 3184 ac
1048 3093 1249 3198 morosos,
1297 3089 1369 3208 qui

380 3263 517 3372 pueris
553 3262 777 3369 aliquando
807 3280 901 3346 sunt
935 3261 1168 3344 deteriores.
1225 3265 1371 3349 Omnis

373 3441 474 3508 aetas
489 3422 690 3507 insaniam
706 3422 893 3505 redolens
909 3421 1165 3530 repudianda
1181 3441 1252 3508 est.
1295 3426 1374 3510 Sed

387 3582 637 3666 insaniorem
653 3600 813 3692 aetatem
827 3581 1034 3693 juvenum
1054 3583 1172 3668 efficit
1190 3588 1378 3697 ignoran-

380 3745 446 3840 ⁸tia
457 3745 560 3843 veri,
581 3761 622 3828 et
638 3747 823 3857 regendae
841 3746 900 3827 rei
910 3741 1123 3829 familiaris
1140 3748 1380 3835 desuetudo.

448 4063 555 4148 Cum
589 4065 714 4175 igitur
742 4063 1011 4174 experientia
1034 4093 1191 4162 rerum,
1219 4065 1385 4165 virtute,

318 4295 322 4301 .
395 4225 579 4323 consilio,
608 4243 790 4310 senectus
815 4225 1001 4324 excellat,
1031 4228 1209 4334 clamque
1228 4229 1385 4312 domes-
