3936 4974
863 579 913 655 21

400 791 444 874 Id
485 794 596 874 vero*
624 787 854 870 maximum
896 755 1165 874 commodum¹
1201 787 1245 870 in
1284 790 1386 874 seni·

398 951 474 1034 bus
514 979 564 1068 ex
603 949 844 1032 educatione
884 948 1108 1031 liberorum
1149 948 1387 1056 percipitur,
1469 1007 1482 1026 .

336 1207 338 1211 ¹
401 1111 512 1219 qudd
547 1110 736 1194 meliores
775 1110 909 1193 multo
942 1111 1315 1219 moderatioresque
1345 1139 1408 1194 ac·

401 1270 716 1379 perspicaciores
748 1270 936 1352 videmus
975 1298 1042 1351 eos
1071 1271 1143 1377 qui
1171 1273 1196 1350 ὲ
1223 1271 1390 1353 seniori·

400 1432 475 1514 bus
522 1432 762 1526 educantur,
811 1457 936 1537 quam
983 1459 1049 1512 eos
1098 1430 1168 1537 qui
1198 1434 1222 1508 a
1251 1430 1390 1540 junio-

336 1689 338 1694 Α
401 1577 817 1696 ribus,quinulla1n
851 1585 946 1671 filiis
985 1612 1119 1695 neque
1148 1589 1394 1707 doctrinam,

403 1776 535 1856 neque
591 1749 868 1855 prudentiam,
925 1774 1059 1855 neque
1104 1767 1257 1832 certam
1297 1753 1394 1836 vitae

404 1908 606 1990 rationem
654 1905 807 2012 possint
822 1915 834 1974 ἐ
855 1906 1028 2002 tradere,
1080 1905 1159 2015 ipsi
1204 1911 1393 1994 omnium

405 2068 606 2180 ejusmodi
626 2095 764 2149 rerum
783 2082 980 2174 expertes.
1090 2132 1097 2142 .

461 2384 539 2468 Sed
558 2385 619 2467 sac
637 2382 742 2466 senis
761 2382 892 2466 vitam
911 2375 994 2464 esse
1012 2382 1269 2482 breviorem
1293 2416 1395 2470 nun·
1497 2393 1503 2404 ⁴

407 2548 508 2657 quid
528 2575 611 2634 uon
630 2546 863 2656 percipiunt
892 2544 936 2626 in
962 2541 1059 2626 filiis
1078 2544 1322 2630 immensam
1352 2579 1397 2634 ac

408 2706 656 2815 praecipuam
671 2705 960 2812 voluptatem?
1004 2703 1397 2810 Siquidem-cotem-

323 2903 326 2908 ’
409 2895 508 2977 pore
523 2864 628 2948 filios
648 2864 849 2961 nutriunt,
868 2865 963 2946 ciam
982 2863 1078 2945 anni
1095 2870 1314 2952 teneriores
1333 2900 1400 2953 ex-

411 3029 546 3122 istant,
572 3053 656 3133 quo
673 3042 835 3134 patrem
854 3023 1002 3120 vereri,
1021 3021 1177 3108 honore
1197 3034 1401 3138 prosequi,

412 3214 568 3296 parere,
613 3183 759 3293 praestd
801 3184 951 3280 adesse,
996 3202 1144 3265 nutum
1186 3186 1404 3272 observare

414 3365 646 3457 pareutum,
687 3343 903 3452 disciplint
932 3339 1179 3440 didicerunt,
1214 3350 1405 3432 utnulla

399 3536 465 3590 *ex
488 3489 554 3588 'eis
583 3532 703 3588 causa
733 3503 947 3586 moestitiae
974 3503 1192 3586 exoriatur.
1252 3507 1404 3592 Robus-

416 3669 539 3777 tiores
573 3667 676 3747 vero
710 3690 835 3746 minos
869 3661 1244 3746 contumeliosiores
1282 3667 1404 3752 licen-

417 3831 476 3914 tia
504 3827 640 3910 efficit:
681 3828 807 3910 fraena
835 3840 1055 3933 parentum
1084 3846 1295 3932 respuunt,
1317 3862 1406 3916 ›vo-

337 3979 339 3985 ⁴
419 3987 622 4070 luntatem
660 4002 942 4094 aspernantur,
985 4002 1188 4093 praecepta
1230 4008 1409 4075 contem·

422 4161 550 4237 nunt:
592 4143 757 4254 reprobi
796 4171 843 4228 ac
885 4161 1144 4226 contumaces
1186 4172 1260 4228 suo
1296 4177 1412 4238 more
