3936 4974
420 1143 567 1272 CUM·
603 1184 685 1268 vi‘ri
729 1183 967 1282 doctissimi,
1011 1184 1200 1294 mihique
1247 1187 1410 1269 summai

415 1347 595 1430 amicitiis
618 1346 836 1458 conjuncti,
867 1347 1061 1430 Nicolaus
1091 1348 1260 1430 Nicolus
1286 1344 1409 1430 Caro-

417 1509 562 1617 lusque‘
601 1509 812 1604 Aretinus,
851 1511 1027 1605 mecum,
1069 1526 1160 1617 post
1200 1511 1410 1618 acceptam

419 1673 603 1768 uxorem,
623 1687 669 1754 ut
686 1667 731 1753 fit
752 1671 860 1752 inter
874 1670 1037 1767 amicos,
1057 1669 1327 1778 pranderent}
1350 1670 1419 1752 in-·

416 1844 479 1913 ter
506 1832 715 1914 edendum
734 1832 777 1913 in
796 1859 891 1914 eum
911 1833 1143 1914 sermonem
1163 1830 1408 1914 devenimus

415 2007 461 2074 ut
491 2003 753 2099 quaere'retur,
788 1998 840 2076 an
863 1993 949 2075 se'ni
978 1993 1038 2099 (in
1066 2021 1134 2075 me
1159 2011 1299 2075 autem
1324 1987 1410 2073 haec

416 2150 682 2263 interrogatio
702 2153 911 2264 vergebat)
943 2170 1048 2237 esset·
1073 2176 1180 2235 uxor
1207 2151 1407 2235 ducenda.

419 2311 527 2392 Cum
543 2309 644 2393 veri)
663 2311 784 2419 pl'ura
813 2311 856 2393 in
874 2327 1272 2420 utramquepartem
1297 2309 1410 2393 affer-

421 2487 575 2569 rentur,
596 2499 670 2583 ego
690 2487 828 2554 autem
847 2471 1059 2580 propriam
1079 2481 1243 2552 causam
1263 2471 1412 2566 tuerer,

420 2634 650 2743 assumptis,
671 2633 854 2740 iuquam,
874 2631 1008 2740 epulis
1028 2631 1148 2715 latius
1167 2631 1253 2713 haec
1271 2631 1411 2739 dispu-

423 2792 547 2874 tand'a
565 2816 731 2874 censeo:
753 2820 849 2875 nam
870 2789 1017 2874 inflat'ae
1039 2792 1285 2899 repletaeque
1304 2789 1414 2872 tibiae

419 2975 575 3050 sonare,
591 2967 637 3036 ut
649 2952 813 3050 dicitur,
829 2969 1133 3036 consueverunt
1146 2951 1411 3035 modulatius.

424 3113 566 3195 Mens&
600 3112 727 3224 igitur
756 3116 926 3210 remoti,
967 3113 1061 3194 cum
1097 3113 1131 3194 is
1169 3113 1221 3194 de
1255 3111 1414 3222 integro

423 3276 602 3358 oriretur
619 3301 765 3374 serm0,
797 3259 997 3359 Nicolaus·
1011 3291 1111 3357 v'ero
1131 3272 1245 3380 loqui
1265 3273 1414 3354 in'eam

424 3434 829 3545 senteutiam'cupere
841 3434 1076 3531 videretur;
1098 3431 1213 3540 quid,
1232 3433 1414 3539 inquam,

425 3595 595 3678 Ni'colae'
628 3624 755 3679 causae
788 3595 915 3694 affers,
961 3623 1035 3676 cur
1065 3619 1205 3675 senem
1237 3590 1416 3701 corijugii

424 3755 651 3837 commodis
698 3755 952 3863 privandum
997 3755 1147 3861 putes?
1191 3752 1301 3832 Tum
1342 3748 1419 3830 ille*

426 3916 598 4026 paulum
636 3919 855 4017 surridens,
890 3935 937 4001 ut
983 3931 1069 3999 erat
1099 3931 1316 4024 promptus
1363 3911 1417 3993 adv

389 4078 601 4197 1αςεῑίας,
631 4095 774 4162 omnes
801 4078 908 4161 mihi
933 4073 1126 4186 prosectu,
1157 4053 1303 4182 inquit',
1333 4076 1415 4150 rion'

383 4207 702 4342 -ffsolum'stulti,
719 4245 789 4327 sed
802 4271 875 4327 vos
895 4238 1202 4352 quodammodo
1214 4231 1414 4317 v'id'emirii
