3936 4974
924 604 946 675 9

438 815 537 912 sine,
567 813 738 898 Carolus
749 811 914 923 :inquit
942 831 989 900 ut
1014 845 1092 926 pro
1125 834 1165 900 te
1195 822 1431 930 caeterisque
1471 883 1473 889 -

434 973 880 1082 senibusrespondeam
892 975 1075 1074 Nicolao.
1120 977 1306 1066 Liberius
1318 980 1431 1062 enim

435 1131 726 1241 honestiusque
766 1162 914 1219 senum
960 1163 1125 1219 causam
1163 1137 1346 1220 tuebitur
1382 1138 1428 1231 is,
1553 1145 1558 1156 ’

430 1321 573 1402 quem,
594 1309 709 1380 extra
727 1297 889 1379 senium
906 1297 1102 1414 positum,
1122 1297 1239 1381 nulla
1260 1300 1430 1408 propria

433 1456 602 1556 affecti0‚
632 1459 703 1540 sed
735 1417 901 1555 veritae,
937 1423 990 1542 ed
1018 1460 1243 1542 dicendum
1279 1460 1426 1570 impel-

434 1616 495 1700 lit.
552 1619 680 1702 Vides
699 1619 920 1711 Nicolaum
949 1636 1138 1704 nostrum
1167 1648 1261 1704 eam
1292 1621 1426 1733 legem

430 1781 605 1888 probare
631 1807 758 1888 quam
776 1782 864 1890 ipse
892 1781 969 1864 sibi
998 1772 1163 1878 indixit,
1192 1779 1310 1864 nulle
1333 1783 1423 1890 qui-

427 1944 524 2026 dem
543 1944 714 2042 ratione,
744 1944 816 2026 sed
838 1942 987 2050 timere
1012 1942 1149 2032 nescio
1168 1969 1252 2049 quo
1268 1969 1421 2051 'super-

428 2131 610 2187 vacaneo
638 2095 681 2187 et'
703 2103 938 2188 austeritate
974 2103 1156 2222 quedam
1184 2101 1421 2228 subagresti,

429 2291 556 2372 quam
601 2264 832 2354 communis
879 2255 996 2387 virgg·
1026 2289 1123 2347 usus
1170 2262 1420 2368 repudiavit.
1462 2243 1464 2248 ¹

429 2427 512 2539 Qui
549 2425 662 2506 enim
699 2450 782 2504 non
817 2397 1052 2530 improbare
1096 2420 1292 2503 debemus
1329 2451 1422 2506 eam

428 2585 603 2670 vivendi
622 2583 975 2679 consuetudinem,
1004 2609 1131 2690 quam
1149 2581 1182 2662 si
1200 2607 1343 2664 omnes
1360 2583 1420 2666 sef-

429 2761 666 2856 querentur,
709 2742 832 2825 unico
864 2740 1011 2824 saeculo
1045 2736 1172 2852 genus
1202 2737 1422 2825 hominum

427 2907 588 3016 penitus
609 2905 808 2988 interiret.
864 2902 1029 2996 Etenim
1047 2901 1171 2984 maris
1191 2918 1231 2985 et
1250 2903 1422 2986 faeminae

425 3068 756 3179 conjunctionem
778 3067 829 3148 ad
849 3064 1204 3161 conservationem
1221 3066 1331 3148 orbis
1351 3095 1418 3148 ne-

426 3221 653 3328 cessariam,
700 3243 848 3309 natura
893 3226 983 3332 ipsa
1026 3225 1216 3320 instituit,
1264 3229 1420 3310 nedum

427 3395 535 3476 inter
550 3389 750 3484 homines,
773 3387 851 3469 'sed
877 3385 921 3467 in
945 3383 1115 3492 reliquis
1140 3411 1304 3494 quoque
1332 3389 1418 3471 ani·

424 3553 615 3640 malibus.
672 3552 815 3657 Itaque
845 3545 1121 3628 rectissimum
1157 3563 1259 3653 puto
1293 3547 1419 3631 malle

426 3711 638 3798 communi
659 3710 749 3793 vitri
771 3709 928 3805 vivere,
959 3721 999 3788 et
1033 3733 1076 3789 se
1110 3711 1418 3792 accommodare

426 3849 478 3960 ed
503 3874 673 3959 civilem
702 3873 847 3968 vitam,
883 3868 1128 3978 prolemque
1163 3870 1329 3980 gignere
1365 3872 1417 3954 ad

425 4035 745 4147 amplitudinem
780 4030 971 4126 civitatis,
1017 4036 1143 4138 quem
1187 4032 1418 4115 solitarium

425 4205 584 4314 degere,
632 4192 828 4290 sterilem,
869 4203 1078 4273 'remotum
1122 4192 1417 4274 consuetudine
