3936 4974
997 523 1059 620 14'¹

523 782 590 877 g'at
618 788 791 846 uxorem
817 779 895 870 pro
925 760 1309 870 viroquaerendam
1339 787 1445 862 esse,
1466 783 1530 854 ea)

525 927 691 1035 quando
716 938 774 1007 est
798 937 891 1005 aetas
920 937 966 1004 ut
1001 923 1167 1004 nullum
1192 924 1254 1005 sui
1280 925 1513 1034 periculum

523 1088 675 1183 fecerit,
722 1085 1005 1191 incertumque
1043 1084 1094 1167 sit
1130 1085 1278 1192 quibus
1305 1080 1513 1182 moribus,

524 1249 602 1356 qut
620 1245 852 1355 prudentii,
872 1273 955 1353 quo
974 1273 1121 1356 genere
1140 1247 1335 1344 exercitii,
1355 1246 1433 1355 qut
1450 1247 1513 1329 vi·

522 1406 650 1490 vendi
666 1405 822 1500 ratione
837 1403 888 1486 sit
899 1403 1031 1486 vitam
1044 1420 1218 1488 acturus.
1247 1405 1437 1488 Duorum
1452 1408 1526 1498 in-v

433 1651 436 1658 ,
523 1595 647 1675 super
665 1563 966 1688 inscitia-simul
978 1564 1269 1674 juncta,·aetate
1290 1569 1339 1658 ad
1360 1568 1513 1657 vitium

524 1725 677 1822 tenere,
707 1751 867 1830 magna,
883 1724 1146 1807 incommoda
1175 1725 1312 1809 afferet
1333 1727 1385 1810 ¹in
1413 1727 1509 1826 vita.

524 1891 646 1972 Alter
674 1886 863 1970 alterumx
885 1912 1116 1966 moerorem
1145 1885 1282 1968 trudet
1298 1973 1300 1979 ,
1319 1887 1421 1967 dum
1442 1886 1511 1968 ¹in·

524 2049 750 2160 dulgebunt
780 2047 861 2128 suis
885 2013 1192 2154 cupiditatibus,
1222 2045 1370 2153 quibus
1386 2037 1512 2128 obsis·

524 2229 611 2296 tere
638 2205 802 2292 infirmo
832 2208 992 2305 animo,
1013 2206 1129 2298 nullo
1157 2233 1257 2304 usu,
1277 2178 1394 2288 null&
1414 2216 1510 2314 pru-

524 2369 664 2460 denti&
683 2369 930 2468 didicerunt,
989 2367 1175 2468 Plurimi,
1199 2366 1362 2471 utalia
1389 2368 1509 2449 omit·

524 2552 622 2631 tam,
649 2531 787 2639 ampla
807 2531 1053 2639 patrimonia
1072 2559 1096 2618 a
1115 2530 1353 2639 parentibus
1372 2529 1514 2635 relicta

523 2695 734 2802 dissipant,
781 2709 827 2776 ut
865 2695 1134 2801 postmodum·
1173 2708 1334 2804 egentes
1378 2693 1512 2796 vitam

522 2857 694 2964 inopem
721 2881 815 2935 cum
844 2850 983 2938 liberis
1012 2853 1161 2950 ducere
1184 2850 1510 2958 compellantur:

407 3032 409 3036 ’
524 3015 606 3124 quit
634 3043 684 3098 ex
712 3042 755 3096 re
788 3012 939 3096 multas
978 3013 1172 3095 mulieres
1210 3007 1299 3092 fieri
1337 3009 1511 3102 deterio-

519 3206 582 3261 res
610 3174 822 3258 necessitas
851 3173 982 3284 cogie3
1013 3171 1233 3290 nonnullas
1263 3170 1388 3254 etiam
1425 3169 1509 3252 labi

524 3333 844 3432 adolescentium
862 3331 1056 3440 iniquitas
1076 3347 1115 3413 et
1137 3330 1312 3414 stultitia
1330 3328 1512 3437 impulit,

523 3514 569 3581 ut
598 3495 746 3603 parum
775 3509 913 3576 tutum
940 3491 991 3573 sit
1019 3487 1124 3574 filias
1152 3518 1243 3573 suas
1262 3491 1311 3573 iis
1329 3491 1512 3572 moribus

524 3661 702 3750 credere.
771 3653 829 3734 At
862 3651 962 3736 vero
996 3652 1041 3733 in
1068 3651 1236 3752 ,senibus
1264 3650 1352 3734 vita
1380 3652 1513 3734 omnis

523 3833 705 3916 anteacta
715 3813 875 3926 cognita
886 3827 944 3895 est
957 3832 996 3894 et
1008 3783 1238 3919 perspecta:
1257 3813 1511 3920 inpromptu

524 3994 618 4068 sunt
637 3999 783 4073 mores,
809 3975 956 4070 victus,
987 3975 1170 4072 fortunae,
1200 3993 1511 4083 quaestus,.pru·

523 4141 675 4238 olentia,
703 4136 913 4234 valetudo,
942 4135 1011 4218 vel
1041 4136 1093 4219 ad
1122 4135 1227 4218 vitia
1255 4135 1324 4218 vel
1353 4136 1406 4218 ad
1426 4136 1510 4220 vir·
