3936 4974
898 539 962 629 ro
1058 591 1060 596 .

412 747 530 857 ‘quid
549 747 582 830 si
602 745 686 828 duo
700 744 854 828 lubrici
872 759 990 832 aetate
1008 748 1124 834 stulti
1139 750 1417 861 copulentur?

413 882 591 1020 'Quanta
609 904 687 1022 erit
706 866 850 988 domus
876 905 988 988 illius
1007 908 1229 1009 calamitas,
1263 929 1417 1019 quanta

423 1063 654 1149 desolatio?
688 1061 694 1156 ,ἶ
711 1064 843 1173 Atqui
868 1040 1028 1150 nullam
1047 1071 1324 1176 prudentiam,
1354 1101 1414 1156 re·

425 1251 521 1308 rum
549 1225 714 1340 nullum
742 1251 884 1322 usum„
904 1226 1066 1312 nullam
1094 1229 1192 1313 vitre
1219 1232 1415 1344 degendae

405 1386 626 1475 rationem
641 1384 780 1466 esseio
795 1383 1118 1472 adolescentibus
1133 1390 1228 1472 satis
1243 1409 1412 1491 constat,
1435 1347 1438 1353 Ι

421 1559 469 1628 ut
496 1545 554 1642 id,
583 1571 679 1664 eum
707 1543 989 1664 experimento
1015 1546 1109 1655 ipso
1135 1547 1412 1651 confirmetur,

420 1703 533 1787 nulli
551 1704 730 1822 indigeat
749 1703 1003 1812 probatione
1043 1787 1046 1796 ,
1113 1773 1115 1784 ,

333 2113 335 2117 ,
405 2089 407 2096 .
476 2025 585 2132 Nam
604 2025 714 2134 quod
744 2044 933 2134 parentes
957 2027 1100 2120 dixisti
1117 2027 1332 2139 voluptate
1361 1990 1416 2114 Ιί-Ι

414 2181 613 2298 berorum
640 2183 790 2281 serere,
806 2202 809 2208 ’
826 2187 923 2268 cbm
951 2185 1065 2295 prius
1087 2215 1114 2270 e
1132 2188 1216 2272 vita
1240 2189 1291 2272 sit
1320 2189 1411 2274 abe·

418 2351 581 2433 undum
599 2353 724 2457 quam
744 2349 796 2432 ad
816 2348 1015 2432 :virtutem
1043 2349 1202 2432 institui
1231 2369 1382 2457 queant
1396 2383 1416 2466 ;'

418 2536 505 2592 non
523 2509 648 2590 video
666 2535 740 2590 cur
758 2508 1031 2590 adolescentes
1050 2508 1187 2616 potius
1206 2514 1331 2616 qudm
1349 2540 1408 2593 se·

413 2669 498 2752 nes¹
517 2664 700 2750 filiorum
725 2664 984 2776 jocunditate
1014 2667 1216 2776 fruantur.
1275 2666 1408 2774 Siqui-

415 2828 512 2910 dem
531 2815 648 2908 nulla
666 2825 815 2908 certior
835 2824 1070 2936 junioribus
1089 2799 1329 2932 aetas‘quam
1348 2855 1406 2910 se·
1444 2910 1447 2916 .

413 2986 534 3069 nibus
552 2984 830 3093 promittitur:
861 2985 931 3066 sed
952 2983 1255 3067 diuturniorem
1274 3012 1320 3088 ac
1338 2982 1405 3068 fir-

413 3146 587 3228 miorem
604 3146 733 3254 propb
748 3145 880 3228 vitam
895 3146 1194 3252 lataspondere
1209 3145 1407 3238 videntur

413 3305 509 3404 illis,
538 3306 610 3414 qui
639 3307 704 3388 ad'
721 3332 877 3388 annum
895 3304 1284 3414 quinquagesimum
1312 3333 1403 3414 pen

406 3493 577 3582 venere,
597 3481 714 3548 aetate
730 3466 894 3576 integra.
942 3466 1103 3550 Emensi
1125 3465 1237 3546 enim
1253 3465 1407 3554 multos

410 3627 509 3710 vitae
537 3655 650 3711 casus
678 3654 724 3709 ac
753 3625 924 3721 labores,
953 3622 1187 3710 obfirmasse
1206 3629 1405 3750 quodam-

411 3787 536 3892 modd
555 3807 745 3900 naturam
765 3789 963 3870 videntur
990 3806 1131 3872 contra
1154 3790 1330 3888 morbos,
1359 3820 1405 3880 ac

410 3951 688 4034 corroborasse
714 3949 907 4033 diuturni
934 3951 1028 4031 cura
1052 3951 1104 4032 ad
1142 3954 1406 4059 perferendos
1455 4041 1457 4045 ,

410 4107 581 4194 labores.
629 4112 832 4195 Plurimos
848 4093 1019 4220 quidem
1034 4112 1169 4200 morbi
1184 4109 1408 4203 conficiunt
